time,v,omega
1627481663.1297483,0.0,0.0
1627481663.1723967,0.0,0.0
1627481663.1859167,0.0,0.0
1627481663.2415292,0.0,0.0
1627481663.283357,0.0,0.0
1627481663.3032966,0.0,0.0
1627481663.353096,0.0,0.0
1627481663.380471,0.0,0.0
1627481663.4336188,0.0,0.0
1627481663.4831028,0.0,0.0
1627481663.5754793,0.0,0.0
1627481663.6265128,0.0,0.0
1627481663.6761687,0.0,0.0
1627481663.7320592,0.0,0.0
1627481663.7840786,0.0,0.0
1627481663.805302,0.0,0.0
1627481663.8597186,0.0,0.0
1627481663.9043639,0.0,0.0
1627481663.9550076,0.0,0.0
1627481663.998515,0.0,0.0
1627481664.014024,0.0,0.0
1627481664.0648735,0.0,0.0
1627481664.114624,0.0,0.0
1627481664.165081,0.0,0.0
1627481664.2148716,0.0,0.0
1627481664.2638283,0.0,0.0
1627481664.3205655,0.0,0.0
1627481664.4002159,0.0,0.0
1627481664.4392366,0.0,0.0
1627481664.4879165,0.0,0.0
1627481664.5365674,0.0,0.0
1627481664.5881724,0.0,0.0
1627481664.6327665,0.0,0.0
1627481664.6829143,0.0,0.0
1627481664.728422,0.0,0.0
1627481664.7793598,0.0,0.0
1627481664.827076,0.0,0.0
1627481664.876109,0.0,0.0
1627481664.926057,0.0,0.0
1627481664.974735,0.0,0.0
1627481665.025376,0.0,0.0
1627481665.0746427,0.0,0.0
1627481665.1188333,0.0,0.0
1627481665.1335447,0.0,0.0
1627481665.1811545,0.0,0.0
1627481665.203043,0.0,0.0
1627481665.2532184,0.0,0.0
1627481665.2994237,0.0,0.0
1627481665.3204138,0.0,0.0
1627481665.3703163,0.0,0.0
1627481665.3851063,0.0,0.0
1627481665.4350429,0.0,0.0
1627481665.4797385,0.0,0.0
1627481665.5001223,0.0,0.0
1627481665.5456862,0.0,0.0
1627481665.570265,0.0,0.0
1627481665.6200259,0.0,0.0
1627481665.6661096,0.0,0.0
1627481665.6863701,0.0,0.0
1627481665.7397847,0.0,0.0
1627481665.7544885,0.0,0.0
1627481665.8050601,0.0,0.0
1627481665.849644,0.0,0.0
1627481665.8699296,0.0,0.0
1627481665.9108367,0.0,0.0
1627481665.9359653,0.0,0.0
1627481665.987437,0.0,0.0
1627481666.0332363,0.0,0.0
1627481666.0476189,0.0,0.0
1627481666.0966246,0.0,0.0
1627481666.1166987,0.0,0.0
1627481666.1677377,0.0,0.0
1627481666.2136304,0.0,0.0
1627481666.2288237,0.0,0.0
1627481666.2801526,0.0,0.0
1627481666.3001757,0.0,0.0
1627481666.35073,0.0,0.0
1627481666.3948915,0.0,0.0
1627481666.4149578,0.0,0.0
1627481666.45849,0.0,0.0
1627481666.4734335,0.0,0.0
1627481666.5222323,0.0,0.0
1627481666.5600944,0.0,0.0
1627481666.6113052,0.0,0.0
1627481666.6575446,0.0,0.0
1627481666.7105424,0.0,0.0
1627481666.7568257,0.0,0.0
1627481666.7717314,0.0,0.0
1627481666.8208275,0.0,0.0
1627481666.8352988,0.0,0.0
1627481666.884459,0.0,0.0
1627481666.9304457,0.0,0.0
1627481666.9503713,0.0,0.0
1627481666.9961448,0.0,0.0
1627481667.015414,0.0,0.0
1627481667.0677142,0.0,0.0
1627481667.1141803,0.0,0.0
1627481667.1648598,0.0,0.0
1627481667.2103374,0.0,0.0
1627481667.2304993,0.0,0.0
1627481667.2763207,0.0,0.0
1627481667.2964354,0.0,0.0
1627481667.3453035,0.0,0.0
1627481667.3706934,0.0,0.0
1627481667.4212306,0.0,0.0
1627481667.46539,0.0,0.0
1627481667.48059,0.0,0.0
1627481667.5305333,0.0,0.0
1627481667.549602,0.0,0.0
1627481667.6001089,0.0,0.0
1627481667.6447134,0.0,0.0
1627481667.6647472,0.0,0.0
1627481667.7125874,0.0,0.0
1627481667.732298,0.0,0.0
1627481667.7816272,0.0,0.0
1627481667.8121698,0.0,0.0
1627481667.862837,0.0,0.0
1627481667.8926356,0.0,0.0
1627481667.941777,0.0,0.0
1627481667.982781,0.0,0.0
1627481668.033473,0.0,0.0
1627481668.0794787,0.0,0.0
1627481668.130733,0.0,0.0
1627481668.1765518,0.0,0.0
1627481668.1938617,0.0,0.0
1627481668.2424,0.0,0.0
1627481668.257567,0.0,0.0
1627481668.3084233,0.0,0.0
1627481668.3557134,0.0,0.0
1627481668.3747332,0.0,0.0
1627481668.420646,0.0,0.0
1627481668.4350886,0.0,0.0
1627481668.484759,0.0,0.0
1627481668.535485,0.0,0.0
1627481668.5862355,0.0,0.0
1627481668.6323004,0.0,0.0
1627481668.6472373,0.0,0.0
1627481668.6992636,0.0,0.0
1627481668.7120311,0.0,0.0
1627481668.7642152,0.0,0.0
1627481668.8056142,0.0,0.0
1627481668.8568747,0.0,0.0
1627481668.9052734,0.0,0.0
1627481668.9566615,0.0,0.0
1627481668.9766343,0.0,0.0
1627481669.0276437,0.0,0.0
1627481669.0538843,0.0,0.0
1627481669.1034343,0.0,0.0
1627481669.1494591,0.0,0.0
1627481669.165163,0.0,0.0
1627481669.2166345,0.0,0.0
1627481669.2326035,0.0,0.0
1627481669.2847927,0.0,0.0
1627481669.3373325,0.0,0.0
1627481669.42977,0.0,0.0
1627481669.4771392,0.0,0.0
1627481669.5284228,0.0,0.0
1627481669.5770283,0.0,0.0
1627481669.6287968,0.0,0.0
1627481669.675763,0.0,0.0
1627481669.6916883,0.0,0.0
1627481669.7440403,0.0,0.0
1627481669.7594965,0.0,0.0
1627481669.8088677,0.0,0.0
1627481669.8571594,0.0,0.0
1627481669.9091384,0.0,0.0
1627481669.936203,0.0,0.0
1627481669.9878373,0.0,0.0
1627481670.015508,0.0,0.0
1627481670.0664954,0.0,0.0
1627481670.0933042,0.0,0.0
1627481670.146685,0.0,0.0
1627481670.1704237,0.0,0.0
1627481670.220347,0.0,0.0
1627481670.2453527,0.0,0.0
1627481670.292994,0.0,0.0
1627481670.3377883,0.0,0.0
1627481670.3551154,0.0,0.0
1627481670.402576,0.0,0.0
1627481670.4163764,0.0,0.0
1627481670.4635117,0.0,0.0
1627481670.5061054,0.0,0.0
1627481670.5251164,0.0,0.0
1627481670.5682983,0.0,0.0
1627481670.5916374,0.0,0.0
1627481670.6392815,0.0,0.0
1627481670.682542,0.0,0.0
1627481670.6971412,0.0,0.0
1627481670.747804,0.0,0.0
1627481670.789527,0.0,0.0
1627481670.8388298,0.0,0.0
1627481670.8768723,0.0,0.0
1627481670.9239757,0.0,0.0
1627481670.9438927,0.0,0.0
1627481670.991503,0.0,0.0
1627481671.034492,0.0,0.0
1627481671.0544925,0.0,0.0
1627481671.0965407,0.0,0.0
1627481671.1167147,0.0,0.0
1627481671.167035,0.0,0.0
1627481671.2133648,0.0,0.0
1627481671.2631843,0.0,0.0
1627481671.3060453,0.0,0.0
1627481671.321155,0.0,0.0
1627481671.3690608,0.0,0.0
1627481671.4063325,0.0,0.0
1627481671.4531682,0.0,0.0
1627481671.4969893,0.0,0.0
1627481671.5106163,0.0,0.0
1627481671.5597386,0.0,0.0
1627481671.6059177,0.0,0.0
1627481671.621981,0.0,0.0
1627481671.6652334,0.0,0.0
1627481671.6856563,0.0,0.0
1627481671.7361577,0.0,0.0
1627481671.782656,0.0,0.0
1627481671.8031037,0.0,0.0
1627481671.8506062,0.0,0.0
1627481671.8671408,0.0,0.0
1627481671.9170368,0.0,0.0
1627481671.9557676,0.0,0.0
1627481672.007128,0.0,0.0
1627481672.0520568,0.0,0.0
1627481672.1047635,0.0,0.0
1627481672.1512022,0.0,0.0
1627481672.1672788,0.0,0.0
1627481672.2186162,0.0,0.0
1627481672.25665,0.0,0.0
1627481672.308724,0.0,0.0
1627481672.355316,0.0,0.0
1627481672.4082778,0.0,0.0
1627481672.4526644,0.0,0.0
1627481672.4683375,0.0,0.0
1627481672.5186424,0.0,0.0
1627481672.5349917,0.0,0.0
1627481672.5842702,0.0,0.0
1627481672.630348,0.0,0.0
1627481672.6802943,0.0,0.0
1627481672.7266903,0.0,0.0
1627481672.747337,0.0,0.0
1627481672.7879643,0.0,0.0
1627481672.8136623,0.0,0.0
1627481672.8654819,0.0,0.0
1627481672.910328,0.0,0.0
1627481672.9652014,0.0,0.0
1627481673.0430984,0.0,0.0
1627481673.0647316,0.0,0.0
1627481673.1126275,0.0,0.0
1627481673.1332185,0.0,0.0
1627481673.1778085,0.0,0.0
1627481673.223837,0.0,0.0
1627481673.2443419,0.0,0.0
1627481673.2890024,0.0,0.0
1627481673.340871,0.0,0.0
1627481673.385457,0.0,0.0
1627481673.4122472,0.0,0.0
1627481673.4590478,0.0,0.0
1627481673.4845479,0.0,0.0
1627481673.5335786,0.0,0.0
1627481673.574539,0.0,0.0
1627481673.619159,0.0,0.0
1627481673.6681476,0.0,0.0
1627481673.717114,0.0,0.0
1627481673.7622087,0.0,0.0
1627481673.8152442,0.0,0.0
1627481673.858635,0.0,0.0
1627481673.8745518,0.0,0.0
1627481673.9234948,0.0,0.0
1627481673.9444387,0.0,0.0
1627481673.9927871,0.0,0.0
1627481674.037801,0.0,0.0
1627481674.0863662,0.0,0.0
1627481674.1306734,0.0,0.0
1627481674.151369,0.0,0.0
1627481674.1966536,0.0,0.0
1627481674.2224398,0.0,0.0
1627481674.273364,0.0,0.0
1627481674.31421,0.0,0.0
1627481674.3633268,0.0,0.0
1627481674.388032,0.0,0.0
1627481674.4370902,0.0,0.0
1627481674.4821587,0.0,0.0
1627481674.5027938,0.0,0.0
1627481674.5471706,0.0,0.0
1627481674.5668876,0.0,0.0
1627481674.6180758,0.0,0.0
1627481674.6636503,0.0,0.0
1627481674.684104,0.0,0.0
1627481674.7287455,0.0,0.0
1627481674.7440844,0.0,0.0
1627481674.793165,0.0,0.0
1627481674.8386765,0.0,0.0
1627481674.8544245,0.0,0.0
1627481674.905257,0.0,0.0
1627481674.9306881,0.0,0.0
1627481674.979612,0.0,0.0
1627481675.0250287,0.0,0.0
1627481675.04556,0.0,0.0
1627481675.089227,0.0,0.0
1627481675.129287,0.0,0.0
1627481675.1783395,0.0,0.0
1627481675.19907,0.0,0.0
1627481675.2483575,0.0,0.0
1627481675.292607,0.0,0.0
1627481675.3083694,0.0,0.0
1627481675.35791,0.0,0.0
1627481675.3834171,0.0,0.0
1627481675.4317462,0.0,0.0
1627481675.4758844,0.0,0.0
1627481675.4959257,0.0,0.0
1627481675.5392275,0.0,0.0
1627481675.560353,0.0,0.0
1627481675.6072187,0.0,0.0
1627481675.6360567,0.0,0.0
1627481675.6806266,0.0,0.0
1627481675.7255318,0.0,0.0
1627481675.7417405,0.0,0.0
1627481675.792235,0.0,0.0
1627481675.8195226,0.0,0.0
1627481675.8679476,0.0,0.0
1627481675.9111075,0.0,0.0
1627481675.926295,0.0,0.0
1627481675.9749172,0.0,0.0
1627481675.9946222,0.0,0.0
1627481676.04428,0.0,0.0
1627481676.0883493,0.0,0.0
1627481676.1040628,0.0,0.0
1627481676.1522005,0.0,0.0
1627481676.1772592,0.0,0.0
1627481676.2261229,0.0,0.0
1627481676.2708442,0.0,0.0
1627481676.2916293,0.0,0.0
1627481676.3348715,0.0,0.0
1627481676.349959,0.0,0.0
1627481676.3991685,0.0,0.0
1627481676.4436507,0.0,0.0
1627481676.4588282,0.0,0.0
1627481676.5080123,0.0,0.0
1627481676.544912,0.0,0.0
1627481676.588673,0.0,0.0
1627481676.6373608,0.0,0.0
1627481676.6522663,0.0,0.0
1627481676.6958401,0.0,0.0
1627481676.7447007,0.0,0.0
1627481676.7606502,0.0,0.0
1627481676.8090823,0.0,0.0
1627481676.850272,0.0,0.0
1627481676.8961966,0.0,0.0
1627481676.9395046,0.0,0.0
1627481676.9598727,0.0,0.0
1627481677.0034432,0.0,0.0
1627481677.0456321,0.0,0.0
1627481677.089261,0.0,0.0
1627481677.1402013,0.0,0.0
1627481677.156219,0.0,0.0
1627481677.2053413,0.0,0.0
1627481677.227114,0.0,0.0
1627481677.2748234,0.0,0.0
1627481677.3190422,0.0,0.0
1627481677.3345659,0.0,0.0
1627481677.378266,0.0,0.0
1627481677.4257605,0.0,0.0
1627481677.4716046,0.0,0.0
1627481677.48708,0.0,0.0
1627481677.5360026,0.0,0.0
1627481677.5729938,0.0,0.0
1627481677.6254086,0.0,0.0
1627481677.6671054,0.0,0.0
1627481677.6871433,0.0,0.0
1627481677.7315671,0.0,0.0
1627481677.752413,0.0,0.0
1627481677.8010988,0.0,0.0
1627481677.84578,0.0,0.0
1627481677.8677902,0.0,0.0
1627481677.911567,0.0,0.0
1627481677.9366965,0.0,0.0
1627481677.985781,0.0,0.0
1627481678.0307167,0.0,0.0
1627481678.0510948,0.0,0.0
1627481678.094912,0.0,0.0
1627481678.1201696,0.0,0.0
1627481678.1685176,0.0,0.0
1627481678.2116988,0.0,0.0
1627481678.2615325,0.0,0.0
1627481678.3058038,0.0,0.0
1627481678.3219151,0.0,0.0
1627481678.3717053,0.0,0.0
1627481678.4154189,0.0,0.0
1627481678.4655302,0.0,0.0
1627481678.5098922,0.0,0.0
1627481678.5253959,0.0,0.0
1627481678.5741398,0.0,0.0
1627481678.6187098,0.0,0.0
1627481678.6678543,0.0,0.0
1627481678.712698,0.0,0.0
1627481678.7283201,0.0,0.0
1627481678.7781072,0.0,0.0
1627481678.8222117,0.0,0.0
1627481678.8720322,0.0,0.0
1627481678.8942258,0.0,0.0
1627481678.9444246,0.0,0.0
1627481678.9738438,0.0,0.0
1627481679.023297,0.0,0.0
1627481679.0494368,0.0,0.0
1627481679.0978081,0.0,0.0
1627481679.1445467,0.0,0.0
1627481679.163172,0.0,0.0
1627481679.2074888,0.0,0.0
1627481679.2231622,0.0,0.0
1627481679.2736287,0.0,0.0
1627481679.3174527,0.0,0.0
1627481679.332697,0.0,0.0
1627481679.3816621,0.0,0.0
1627481679.4018085,0.0,0.0
1627481679.451365,0.0,0.0
1627481679.495438,0.0,0.0
1627481679.5153887,0.0,0.0
1627481679.559654,0.0,0.0
1627481679.580189,0.0,0.0
1627481679.6311977,0.0,0.0
1627481679.6756513,0.0,0.0
1627481679.7239327,0.0,0.0
1627481679.768252,0.0,0.0
1627481679.7886891,0.0,0.0
1627481679.838448,0.0,0.0
1627481679.8578572,0.0,0.0
1627481679.909144,0.0,0.0
1627481679.934318,0.0,0.0
1627481679.984134,0.0,0.0
1627481680.0229425,0.0,0.0
1627481680.0489957,0.0,0.0
1627481680.0944178,0.0,0.0
1627481680.1147072,0.0,0.0
1627481680.1594706,0.0,0.0
1627481680.2080958,0.0,0.0
1627481680.2229044,0.0,0.0
1627481680.2705035,0.0,0.0
1627481680.3169818,0.0,0.0
1627481680.3325403,0.0,0.0
1627481680.3769813,0.0,0.0
1627481680.4257903,0.0,0.0
1627481680.441999,0.0,0.0
1627481680.48972,0.0,0.0
1627481680.529118,0.0,0.0
1627481680.5732234,0.0,0.0
1627481680.6033719,0.0,0.0
1627481680.6539845,0.0,0.0
1627481680.6990798,0.0,0.0
1627481680.7144113,0.0,0.0
1627481680.7581632,0.0,0.0
1627481680.7838435,0.0,0.0
1627481680.8293538,0.0,0.0
1627481680.8739715,0.0,0.0
1627481680.894783,0.0,0.0
1627481680.9465492,0.0,0.0
1627481680.9711137,0.0,0.0
1627481681.0156567,0.0,0.0
1627481681.0598488,0.0,0.0
1627481681.0803826,0.0,0.0
1627481681.1297002,0.0,0.0
1627481681.1602838,0.0,0.0
1627481681.203566,0.0,0.0
1627481681.25021,0.0,0.0
1627481681.2948499,0.0,0.0
1627481681.3392122,0.0,0.0
1627481681.3881226,0.0,0.0
1627481681.4040182,0.0,0.0
1627481681.4540946,0.0,0.0
1627481681.4878645,0.0,0.0
1627481681.5373228,0.0,0.0
1627481681.5622501,0.0,0.0
1627481681.6112595,0.0,0.0
1627481681.6557102,0.0,0.0
1627481681.6759324,0.0,0.0
1627481681.720338,0.0,0.0
1627481681.7354321,0.0,0.0
1627481681.7855122,0.0,0.0
1627481681.8292403,0.0,0.0
1627481681.850033,0.0,0.0
1627481681.894991,0.0,0.0
1627481681.9096248,0.0,0.0
1627481681.960828,0.0,0.0
1627481682.0052624,0.0,0.0
1627481682.0565763,0.0,0.0
1627481682.100479,0.0,0.0
1627481682.1182287,0.0,0.0
1627481682.1668293,0.0,0.0
1627481682.2037313,0.0,0.0
1627481682.2525814,0.0,0.0
1627481682.2972236,0.0,0.0
1627481682.3125727,0.0,0.0
1627481682.3610303,0.0,0.0
1627481682.3979352,0.0,0.0
1627481682.446685,0.0,0.0
1627481682.49099,0.0,0.0
1627481682.5394783,0.0,0.0
1627481682.5820308,0.0,0.0
1627481682.5982552,0.0,0.0
1627481682.6460311,0.0,0.0
1627481682.6913874,0.0,0.0
1627481682.7116408,0.0,0.0
1627481682.7557695,0.0,0.0
1627481682.7820966,0.0,0.0
1627481682.8309462,0.0,0.0
1627481682.8744144,0.0,0.0
1627481682.8951268,0.0,0.0
1627481682.9402075,0.0,0.0
1627481682.9661963,0.0,0.0
1627481683.0153763,0.0,0.0
1627481683.0585456,0.0,0.0
1627481683.1072147,0.0,0.0
1627481683.1513488,0.0,0.0
1627481683.1663728,0.0,0.0
1627481683.2139294,0.0,0.0
1627481683.251824,0.0,0.0
1627481683.300785,0.0,0.0
1627481683.34519,0.0,0.0
1627481683.364918,0.0,0.0
1627481683.4144886,0.0,0.0
1627481683.4298327,0.0,0.0
1627481683.4787664,0.0,0.0
1627481683.5224662,0.0,0.0
1627481683.5708497,0.0,0.0
1627481683.6149526,0.0,0.0
1627481683.6306982,0.0,0.0
1627481683.6760755,0.0,0.0
1627481683.7244036,0.0,0.0
1627481683.7390375,0.0,0.0
1627481683.783259,0.0,0.0
1627481683.8323832,0.0,0.0
1627481683.8477137,0.0,0.0
1627481683.891916,0.0,0.0
1627481683.9365952,0.0,0.0
1627481683.9820125,0.0,0.0
1627481684.030805,0.0,0.0
1627481684.074342,0.0,0.0
1627481684.1228414,0.0,0.0
1627481684.1375637,0.0,0.0
1627481684.1817045,0.0,0.0
1627481684.230108,0.0,0.0
1627481684.245205,0.0,0.0
1627481684.2894793,0.0,0.0
1627481684.3333077,0.0,0.0
1627481684.376795,0.0,0.0
1627481684.4264185,0.0,0.0
1627481684.4417942,0.0,0.0
1627481684.4868886,0.0,0.0
1627481684.535252,0.0,0.0
1627481684.5501883,0.0,0.0
1627481684.5932288,0.0,0.0
1627481684.6392465,0.0,0.0
1627481684.682603,0.0,0.0
1627481684.7125092,0.0,0.0
1627481684.761275,0.0,0.0
1627481684.7917032,0.0,0.0
1627481684.8363085,0.0,0.0
1627481684.8607035,0.0,0.0
1627481684.9041023,0.0,0.0
1627481684.9342647,0.0,0.0
1627481684.9856296,0.0,0.0
1627481685.0103304,0.0,0.0
1627481685.0596418,0.0,0.0
1627481685.0991971,0.0,0.0
1627481685.124271,0.0,0.0
1627481685.168781,0.0,0.0
1627481685.1888516,0.0,0.0
1627481685.2382066,0.0,0.0
1627481685.2834246,0.0,0.0
1627481685.2995348,0.0,0.0
1627481685.3488564,0.0,0.0
1627481685.3862016,0.0,0.0
1627481685.4344041,0.0,0.0
1627481685.479053,0.0,0.0
1627481685.4997394,0.0,0.0
1627481685.5445402,0.0,0.0
1627481685.56427,0.0,0.0
1627481685.6137288,0.0,0.0
1627481685.658064,0.0,0.0
1627481685.6731796,0.0,0.0
1627481685.722985,0.0,0.0
1627481685.7479844,0.0,0.0
1627481685.7974384,0.0,0.0
1627481685.8419647,0.0,0.0
1627481685.8628016,0.0,0.0
1627481685.9126143,0.0,0.0
1627481685.9274244,0.0,0.0
1627481685.9785066,0.0,0.0
1627481686.0193396,0.0,0.0
1627481686.0678098,0.0,0.0
1627481686.1115375,0.0,0.0
1627481686.1274076,0.0,0.0
1627481686.1758041,0.0,0.0
1627481686.195848,0.0,0.0
1627481686.2446387,0.0,0.0
1627481686.289531,0.0,0.0
1627481686.3053029,0.0,0.0
1627481686.3539803,0.0,0.0
1627481686.3914828,0.0,0.0
1627481686.4403496,0.0,0.0
1627481686.4847434,0.0,0.0
1627481686.50444,0.0,0.0
1627481686.5528908,0.0,0.0
1627481686.568588,0.0,0.0
1627481686.619315,0.0,0.0
1627481686.6623857,0.0,0.0
1627481686.7108727,0.0,0.0
1627481686.754857,0.0,0.0
1627481686.7758303,0.0,0.0
1627481686.8195643,0.0,0.0
1627481686.840101,0.0,0.0
1627481686.8889475,0.0,0.0
1627481686.9334328,0.0,0.0
1627481686.9534013,0.0,0.0
1627481686.9991136,0.0,0.0
1627481687.0188234,0.0,0.0
1627481687.0639243,0.0,0.0
1627481687.1119306,0.0,0.0
1627481687.1266272,0.0,0.0
1627481687.1766539,0.0,0.0
1627481687.2174866,0.0,0.0
1627481687.2620823,0.0,0.0
1627481687.3114774,0.0,0.0
1627481687.3266082,0.0,0.0
1627481687.3697486,0.0,0.0
1627481687.4102533,0.0,0.0
1627481687.4540083,0.0,0.0
1627481687.5023584,0.0,0.0
1627481687.5177205,0.0,0.0
1627481687.562307,0.0,0.0
1627481687.6106174,0.0,0.0
1627481687.6256642,0.0,0.0
1627481687.6747308,0.0,0.0
1627481687.7149992,0.0,0.0
1627481687.7586887,0.0,0.0
1627481687.8073559,0.0,0.0
1627481687.8226743,0.0,0.0
1627481687.8665013,0.0,0.0
1627481687.914165,0.0,0.0
1627481687.9290814,0.0,0.0
1627481687.9746203,0.0,0.0
1627481688.0188088,0.0,0.0
1627481688.063025,0.0,0.0
1627481688.1118248,0.0,0.0
1627481688.1560836,0.0,0.0
1627481688.1764698,0.0,0.0
1627481688.2209105,0.0,0.0
1627481688.265676,0.0,0.0
1627481688.2858853,0.0,0.0
1627481688.32908,0.0,0.0
1627481688.3782446,0.0,0.0
1627481688.3929567,0.0,0.0
1627481688.4375598,0.0,0.0
1627481688.4862332,0.0,0.0
1627481688.5018299,0.0,0.0
1627481688.5457308,0.0,0.0
1627481688.5949183,0.0,0.0
1627481688.6098573,0.0,0.0
1627481688.656562,0.0,0.0
1627481688.7029946,0.0,0.0
1627481688.7181697,0.0,0.0
1627481688.7699862,0.0,0.0
1627481688.8037684,0.0,0.0
1627481688.851927,0.0,0.0
1627481688.8779671,0.0,0.0
1627481688.9261556,0.0,0.0
1627481688.965067,0.0,0.0
1627481688.9926772,0.0,0.0
1627481689.0357733,0.0,0.0
1627481689.0506442,0.0,0.0
1627481689.0995102,0.0,0.0
1627481689.1432948,0.0,0.0
1627481689.1636183,0.0,0.0
1627481689.206637,0.0,0.0
1627481689.226738,0.0,0.0
1627481689.2763033,0.0,0.0
1627481689.3209112,0.0,0.0
1627481689.3704596,0.0,0.0
1627481689.4139156,0.0,0.0
1627481689.429176,0.0,0.0
1627481689.4786198,0.0,0.0
1627481689.5126677,0.0,0.0
1627481689.5608873,0.0,0.0
1627481689.5905795,0.0,0.0
1627481689.6388352,0.0,0.0
1627481689.6682003,0.0,0.0
1627481689.7167175,0.0,0.0
1627481689.7608714,0.0,0.0
1627481689.7762024,0.0,0.0
1627481689.8250353,0.0,0.0
1627481689.8399186,0.0,0.0
1627481689.8892732,0.0,0.0
1627481689.9327705,0.0,0.0
1627481689.9521985,0.0,0.0
1627481690.0047345,0.0,0.0
1627481690.0204563,0.0,0.0
1627481690.0713923,0.0,0.0
1627481690.119544,0.0,0.0
1627481690.1361275,0.0,0.0
1627481690.1864083,0.0,0.0
1627481690.2077053,0.0,0.0
1627481690.2607577,0.0,0.0
1627481690.2938397,0.0,0.0
1627481690.34729,0.0,0.0
1627481690.3720472,0.0,0.0
1627481690.4236844,0.0,0.0
1627481690.4688253,0.0,0.0
1627481690.4890645,0.0,0.0
1627481690.5343857,0.0,0.0
1627481690.553823,0.0,0.0
1627481690.605538,0.0,0.0
1627481690.6311123,0.0,0.0
1627481690.6774852,0.0,0.0
1627481690.7285206,0.0,0.0
1627481690.7441802,0.0,0.0
1627481690.789944,0.0,0.0
1627481690.8407376,0.0,0.0
1627481690.856895,0.0,0.0
1627481690.909546,0.0,0.0
1627481690.952642,0.0,0.0
1627481690.9998276,0.0,0.0
1627481691.024809,0.0,0.0
1627481691.0740356,0.0,0.0
1627481691.1269758,0.0,0.0
1627481691.144197,0.0,0.0
1627481691.1906207,0.0,0.0
1627481691.236736,0.0,0.0
1627481691.2858665,0.0,0.0
1627481691.312408,0.0,0.0
1627481691.3585255,0.0,0.0
1627481691.384574,0.0,0.0
1627481691.4594479,0.0,0.0
1627481691.5256584,0.0,0.0
1627481691.540766,0.0,0.0
1627481691.5891588,0.0,0.0
1627481691.628365,0.0,0.0
1627481691.652925,0.0,0.0
1627481691.6962938,0.0,0.0
1627481691.7170405,0.0,0.0
1627481691.7603412,0.0,0.0
1627481691.8081188,0.0,0.0
1627481691.8243766,0.0,0.0
1627481691.8710659,0.0,0.0
1627481691.9126658,0.0,0.0
1627481691.955739,0.0,0.0
1627481692.0037093,0.0,0.0
1627481692.0474772,0.0,0.0
1627481692.0735114,0.0,0.0
1627481692.1179185,0.0,0.0
1627481692.1661663,0.0,0.0
1627481692.1837237,0.0,0.0
1627481692.2276611,0.0,0.0
1627481692.2759912,0.0,0.0
1627481692.2924356,0.0,0.0
1627481692.3364284,0.0,0.0
1627481692.362293,0.0,0.0
1627481692.4083154,0.0,0.0
1627481692.440781,0.0,0.0
1627481692.4885128,0.0,0.0
1627481692.5359042,0.0,0.0
1627481692.5813277,0.0,0.0
1627481692.6071835,0.0,0.0
1627481692.6571004,0.0,0.0
1627481692.6987102,0.0,0.0
1627481692.7192104,0.0,0.0
1627481692.77024,0.0,0.0
1627481692.7851322,0.0,0.0
1627481692.8353276,0.0,0.0
1627481692.8756795,0.0,0.0
1627481692.9008486,0.0,0.0
1627481692.9768264,0.0,0.0
1627481693.0088089,0.0,0.0
1627481693.0608816,0.0,0.0
1627481693.0884767,0.0,0.0
1627481693.139365,0.0,0.0
1627481693.1780505,0.0,0.0
1627481693.2285774,0.0,0.0
1627481693.278319,0.0,0.0
1627481693.3301358,0.0,0.0
1627481693.3779378,0.0,0.0
1627481693.4283934,0.0,0.0
1627481693.474007,0.0,0.0
1627481693.4910748,0.0,0.0
1627481693.5434268,0.0,0.0
1627481693.564914,0.0,0.0
1627481693.6178336,0.0,0.0
1627481693.6452868,0.0,0.0
1627481693.6967418,0.0,0.0
1627481693.7437387,0.0,0.0
1627481693.7960553,0.0,0.0
1627481693.811746,0.0,0.0
1627481693.8615892,0.0,0.0
1627481693.9047482,0.0,0.0
1627481693.9554372,0.0,0.0
1627481693.981324,0.0,0.0
1627481694.0343018,0.0,0.0
1627481694.0818598,0.0,0.0
1627481694.1308916,0.0,0.0
1627481694.179862,0.0,0.0
1627481694.2292752,0.0,0.0
1627481694.2715926,0.0,0.0
1627481694.3222184,0.0,0.0
1627481694.3528476,0.0,0.0
1627481694.4037638,0.0,0.0
1627481694.4291542,0.0,0.0
1627481694.4758935,0.0,0.0
1627481694.5294895,0.0,0.0
1627481694.5450487,0.0,0.0
1627481694.590318,0.0,0.0
1627481694.6377313,0.0,0.0
1627481694.6849377,0.0,0.0
1627481694.713923,0.0,0.0
1627481694.7602706,0.0,0.0
1627481694.813167,0.0,0.0
1627481694.8291192,0.0,0.0
1627481694.8805604,0.0,0.0
1627481694.9038618,0.0,0.0
1627481694.9538085,0.0,0.0
1627481694.9998891,0.0,0.0
1627481695.0481863,0.0,0.0
1627481695.0990708,0.0,0.0
1627481695.1152575,0.0,0.0
1627481695.1606548,0.0,0.0
1627481695.21174,0.0,0.0
1627481695.25808,0.0,0.0
1627481695.2814972,0.0,0.0
1627481695.328232,0.0,0.0
1627481695.3805413,0.0,0.0
1627481695.3949273,0.0,0.0
1627481695.4414935,0.0,0.0
1627481695.4875474,0.0,0.0
1627481695.532826,0.0,0.0
1627481695.578592,0.0,0.0
1627481695.6246424,0.0,0.0
1627481695.6550953,0.0,0.0
1627481695.7029428,0.0,0.0
1627481695.752178,0.0,0.0
1627481695.7680235,0.0,0.0
1627481695.8129132,0.0,0.0
1627481695.8773923,0.0,0.0
1627481695.945549,0.0,0.0
1627481695.9711785,0.0,0.0
1627481696.0182767,0.0,0.0
1627481696.0626948,0.0,0.0
1627481696.0847392,0.0,0.0
1627481696.1270647,0.0,0.0
1627481696.1764195,0.0,0.0
1627481696.1916332,0.0,0.0
1627481696.2356427,0.0,0.0
1627481696.2804987,0.0,0.0
1627481696.3246202,0.0,0.0
1627481696.3475857,0.0,0.0
1627481696.3887858,0.0,0.0
1627481696.439208,0.0,0.0
1627481696.4546022,0.0,0.0
1627481696.4998665,0.0,0.0
1627481696.5486887,0.0,0.0
1627481696.5643435,0.0,0.0
1627481696.6081758,0.0,0.0
1627481696.6581974,0.0,0.0
1627481696.6738489,0.0,0.0
1627481696.722252,0.0,0.0
1627481696.762989,0.0,0.0
1627481696.8117266,0.0,0.0
1627481696.8371935,0.0,0.0
1627481696.8874242,0.0,0.0
1627481696.931273,0.0,0.0
1627481696.9513896,0.0,0.0
1627481696.996598,0.0,0.0
1627481697.0165226,0.0,0.0
1627481697.0671268,0.0,0.0
1627481697.0969985,0.0,0.0
1627481697.1452973,0.0,0.0
1627481697.185462,0.0,0.0
1627481697.2360485,0.0,0.0
1627481697.2766182,0.0,0.0
1627481697.3261154,0.0,0.0
1627481697.346538,0.0,0.0
1627481697.3949933,0.0,0.0
1627481697.4202213,0.0,0.0
1627481697.4690244,0.0,0.0
1627481697.5118551,0.0,0.0
1627481697.53216,0.0,0.0
1627481697.5807042,0.0,0.0
1627481697.5964203,0.0,0.0
1627481697.6447675,0.0,0.0
1627481697.6904933,0.0,0.0
1627481697.7379534,0.0,0.0
1627481697.782074,0.0,0.0
1627481697.80231,0.0,0.0
1627481697.8474963,0.0,0.0
1627481697.867755,0.0,0.0
1627481697.9162,0.0,0.0
1627481697.9608424,0.0,0.0
1627481698.0091045,0.0,0.0
1627481698.0549269,0.0,0.0
1627481698.0751598,0.0,0.0
1627481698.1184485,0.0,0.0
1627481698.1386576,0.0,0.0
1627481698.1905298,0.0,0.0
1627481698.232428,0.0,0.0
1627481698.2820048,0.0,0.0
1627481698.3267615,0.0,0.0
1627481698.3423028,0.0,0.0
1627481698.386363,0.0,0.0
1627481698.4354327,0.0,0.0
1627481698.450261,0.0,0.0
1627481698.4990883,0.0,0.0
1627481698.5247838,0.0,0.0
1627481698.5734937,0.0,0.0
1627481698.6178553,0.0,0.0
1627481698.6675704,0.0,0.0
1627481698.7127028,0.0,0.0
1627481698.7330124,0.0,0.0
1627481698.7773542,0.0,0.0
1627481698.797545,0.0,0.0
1627481698.8417356,0.0,0.0
1627481698.8904045,0.0,0.0
1627481698.9075305,0.0,0.0
1627481698.9501395,0.0,0.0
1627481698.9977188,0.0,0.0
1627481699.012826,0.0,0.0
1627481699.0591407,0.0,0.0
1627481699.1086133,0.0,0.0
1627481699.1236465,0.0,0.0
1627481699.1678407,0.0,0.0
1627481699.216873,0.0,0.0
1627481699.2322314,0.0,0.0
1627481699.2775729,0.0,0.0
1627481699.3242192,0.0,0.0
1627481699.3687608,0.0,0.0
1627481699.3936622,0.0,0.0
1627481699.4376986,0.0,0.0
1627481699.4863768,0.0,0.0
1627481699.5023022,0.0,0.0
1627481699.550639,0.0,0.0
1627481699.5916924,0.0,0.0
1627481699.6357331,0.0,0.0
1627481699.684492,0.0,0.0
1627481699.6999679,0.0,0.0
1627481699.7450366,0.0,0.0
1627481699.7886949,0.0,0.0
1627481699.8090816,0.0,0.0
1627481699.85737,0.0,0.0
1627481699.882264,0.0,0.0
1627481699.9261274,0.0,0.0
1627481699.9747832,0.0,0.0
1627481699.9899855,0.0,0.0
1627481700.0337985,0.0,0.0
1627481700.0796487,0.0,0.0
1627481700.1000006,0.0,0.0
1627481700.1438847,0.0,0.0
1627481700.1933358,0.0,0.0
1627481700.2085724,0.0,0.0
1627481700.2522628,0.0,0.0
1627481700.3021317,0.0,0.0
1627481700.3172548,0.0,0.0
1627481700.3659809,0.0,0.0
1627481700.3986123,0.0,0.0
1627481700.4467254,0.0,0.0
1627481700.485086,0.0,0.0
1627481700.5098546,0.0,0.0
1627481700.5586617,0.0,0.0
1627481700.5832608,0.0,0.0
1627481700.6325665,0.0,0.0
1627481700.6571922,0.0,0.0
1627481700.7050796,0.0,0.0
1627481700.750806,0.0,0.0
1627481700.7966185,0.0,0.0
1627481700.8403902,0.0,0.0
1627481700.8565924,0.0,0.0
1627481700.9049683,0.0,0.0
1627481700.9422615,0.0,0.0
1627481700.9908125,0.0,0.0
1627481701.0343537,0.0,0.0
1627481701.0580108,0.0,0.0
1627481701.1019363,0.0,0.0
1627481701.1216238,0.0,0.0
1627481701.1710742,0.0,0.0
1627481701.2147682,0.0,0.0
1627481701.2354224,0.0,0.0
1627481701.2844067,0.0,0.0
1627481701.2996972,0.0,0.0
1627481701.3491573,0.0,0.0
1627481701.393847,0.0,0.0
1627481701.414484,0.0,0.0
1627481701.4628968,0.0,0.0
1627481701.4788191,0.0,0.0
1627481701.5282261,0.0,0.0
1627481701.5719852,0.0,0.0
1627481701.5919938,0.0,0.0
1627481701.6358652,0.0,0.0
1627481701.6556342,0.0,0.0
1627481701.7063315,0.0,0.0
1627481701.7503219,0.0,0.0
1627481701.7656302,0.0,0.0
1627481701.814172,0.0,0.0
1627481701.850997,0.0,0.0
1627481701.8991365,0.0,0.0
1627481701.9442408,0.0,0.0
1627481701.9644127,0.0,0.0
1627481702.008751,0.0,0.0
1627481702.0341346,0.0,0.0
1627481702.0848513,0.0,0.0
1627481702.129231,0.0,0.0
1627481702.1489983,0.0,0.0
1627481702.193412,0.0,0.0
1627481702.2132664,0.0,0.0
1627481702.2633562,0.0,0.0
1627481702.3091261,0.0,0.0
1627481702.3294542,0.0,0.0
1627481702.373721,0.0,0.0
1627481702.3944569,0.0,0.0
1627481702.4421422,0.0,0.0
1627481702.4866939,0.0,0.0
1627481702.5349302,0.0,0.0
1627481702.5789418,0.0,0.0
1627481702.5991042,0.0,0.0
1627481702.6471555,0.0,0.0
1627481702.6619365,0.0,0.0
1627481702.7083304,0.0,0.0
1627481702.7549436,0.0,0.0
1627481702.7700717,0.0,0.0
1627481702.819339,0.0,0.0
1627481702.8649216,0.0,0.0
1627481702.879928,0.0,0.0
1627481702.9288259,0.0,0.0
1627481702.9496396,0.0,0.0
1627481702.993554,0.0,0.0
1627481703.0416615,0.0,0.0
1627481703.0570662,0.0,0.0
1627481703.1024868,0.0,0.0
1627481703.1528227,0.0,0.0
1627481703.197748,0.0,0.0
1627481703.2220151,0.0,0.0
1627481703.2667742,0.0,0.0
1627481703.3152413,0.0,0.0
1627481703.3300598,0.0,0.0
1627481703.3784075,0.0,0.0
1627481703.4175518,0.0,0.0
1627481703.4610133,0.0,0.0
1627481703.4916778,0.0,0.0
1627481703.5365822,0.0,0.0
1627481703.5820918,0.0,0.0
1627481703.6265986,0.0,0.0
1627481703.6565862,0.0,0.0
1627481703.6997824,0.0,0.0
1627481703.7450216,0.0,0.0
1627481703.789159,0.0,0.0
1627481703.8179793,0.0,0.0
1627481703.8626583,0.0,0.0
1627481703.907159,0.0,0.0
1627481703.9281425,0.0,0.0
1627481703.9720783,0.0,0.0
1627481704.0064723,0.0,0.0
1627481704.050885,0.0,0.0
1627481704.0981464,0.0,0.0
1627481704.1188383,0.0,0.0
1627481704.1623244,0.0,0.0
1627481704.2026877,0.0,0.0
1627481704.2515483,0.0,0.0
1627481704.267102,0.0,0.0
1627481704.3163345,0.0,0.0
1627481704.3604674,0.0,0.0
1627481704.381121,0.0,0.0
1627481704.425025,0.0,0.0
1627481704.445245,0.0,0.0
1627481704.494274,0.0,0.0
1627481704.5395799,0.0,0.0
1627481704.5598338,0.0,0.0
1627481704.6044552,0.0,0.0
1627481704.6250007,0.0,0.0
1627481704.674207,0.0,0.0
1627481704.7200098,0.0,0.0
1627481704.737377,0.0,0.0
1627481704.7863743,0.0,0.0
1627481704.8069267,0.0,0.0
1627481704.8559906,0.0,0.0
1627481704.8856292,0.0,0.0
1627481704.9351072,0.0,0.0
1627481704.9599383,0.0,0.0
1627481705.0087526,0.0,0.0
1627481705.0548835,0.0,0.0
1627481705.0775354,0.0,0.0
1627481705.1429229,0.0,0.0
1627481705.181996,0.0,0.0
1627481705.237736,0.0,0.0
1627481705.2633693,0.0,0.0
1627481705.3161404,0.0,0.0
1627481705.359509,0.0,0.0
1627481705.408071,0.0,0.0
1627481705.4523656,0.0,0.0
1627481705.47274,0.0,0.0
1627481705.5163355,0.0,0.0
1627481705.5416272,0.0,0.0
1627481705.5911655,0.0,0.0
1627481705.6350083,0.0,0.0
1627481705.6834066,0.0,0.0
1627481705.7286265,0.0,0.0
1627481705.7439868,0.0,0.0
1627481705.7917738,0.0,0.0
1627481705.8298943,0.0,0.0
1627481705.8785233,0.0,0.0
1627481705.9239132,0.0,0.0
1627481705.9442067,0.0,0.0
1627481705.993756,0.0,0.0
1627481706.0093381,0.0,0.0
1627481706.0522447,0.0,0.0
1627481706.1041124,0.0,0.0
1627481706.1196194,0.0,0.0
1627481706.1680183,0.0,0.0
1627481706.2083752,0.0,0.0
1627481706.2570436,0.0,0.0
1627481706.3024423,0.0,0.0
1627481706.3523176,0.0,0.0
1627481706.396251,0.0,0.0
1627481706.4118986,0.0,0.0
1627481706.4606004,0.0,0.0
1627481706.4961634,0.0,0.0
1627481706.5456762,0.0,0.0
1627481706.5761094,0.0,0.0
1627481706.6242428,0.0,0.0
1627481706.6448855,0.0,0.0
1627481706.692284,0.0,0.0
1627481706.736598,0.0,0.0
1627481706.7813866,0.0,0.0
1627481706.8319938,0.0,0.0
1627481706.8469253,0.0,0.0
1627481706.8959296,0.0,0.0
1627481706.936887,0.0,0.0
1627481706.9818592,0.0,0.0
1627481707.0301743,0.0,0.0
1627481707.0459714,0.0,0.0
1627481707.096381,0.0,0.0
1627481707.1307676,0.0,0.0
1627481707.1761792,0.0,0.0
1627481707.2245274,0.0,0.0
1627481707.2461023,0.0,0.0
1627481707.2958887,0.0,0.0
1627481707.3118534,0.0,0.0
1627481707.356736,0.0,0.0
1627481707.406624,0.0,0.0
1627481707.4204803,0.0,0.0
1627481707.4639971,0.0,0.0
1627481707.5091097,0.0,0.0
1627481707.5282624,0.0,0.0
1627481707.5736606,0.0,0.0
1627481707.614066,0.0,0.0
1627481707.6582532,0.0,0.0
1627481707.7022164,0.0,0.0
1627481707.7222393,0.0,0.0
1627481707.766575,0.0,0.0
1627481707.8076298,0.0,0.0
1627481707.856902,0.0,0.0
1627481707.9017808,0.0,0.0
1627481707.9211805,0.0,0.0
1627481707.9653873,0.0,0.0
1627481707.985641,0.0,0.0
1627481708.033163,0.0,0.0
1627481708.077323,0.0,0.0
1627481708.1289504,0.0,0.0
1627481708.1729195,0.0,0.0
1627481708.1882765,0.0,0.0
1627481708.236918,0.0,0.0
1627481708.2569838,0.0,0.0
1627481708.3058033,0.0,0.0
1627481708.3508277,0.0,0.0
1627481708.3705761,0.0,0.0
1627481708.4144502,0.0,0.0
1627481708.4349384,0.0,0.0
1627481708.485742,0.0,0.0
1627481708.5329654,0.0,0.0
1627481708.546136,0.0,0.0
1627481708.595864,0.0,0.0
1627481708.6151989,0.0,0.0
1627481708.6640885,0.0,0.0
1627481708.7092338,0.0,0.0
1627481708.7252822,0.0,0.0
1627481708.823981,0.0,0.0
1627481708.8637497,0.0,0.0
1627481708.9170277,0.0,0.0
1627481708.9657335,0.0,0.0
1627481708.9823558,0.0,0.0
1627481709.035309,0.0,0.0
1627481709.0510464,0.0,0.0
1627481709.102961,0.0,0.0
1627481709.1437984,0.0,0.0
1627481709.197905,0.0,0.0
1627481709.2241533,0.0,0.0
1627481709.274291,0.0,0.0
1627481709.3178098,0.0,0.0
1627481709.369502,0.0,0.0
1627481709.3961115,0.0,0.0
1627481709.4473155,0.0,0.0
1627481709.4953403,0.0,0.0
1627481709.5112674,0.0,0.0
1627481709.5639184,0.0,0.0
1627481709.585335,0.0,0.0
1627481709.6365843,0.0,0.0
1627481709.6641262,0.0,0.0
1627481709.715838,0.0,0.0
1627481709.766622,0.0,0.0
1627481709.8199453,0.0,0.0
1627481709.86681,0.0,0.0
1627481709.918557,0.0,0.0
1627481709.9668405,0.0,0.0
1627481709.9825919,0.0,0.0
1627481710.0348647,0.0,0.0
1627481710.050808,0.0,0.0
1627481710.101823,0.0,0.0
1627481710.1487153,0.0,0.0
1627481710.2009394,0.0,0.0
1627481710.227745,0.0,0.0
1627481710.278872,0.0,0.0
1627481710.2978122,0.0,0.0
1627481710.349425,0.0,0.0
1627481710.3947992,0.0,0.0
1627481710.4104536,0.0,0.0
1627481710.4623523,0.0,0.0
1627481710.503103,0.0,0.0
1627481710.5521069,0.0,0.0
1627481710.5774608,0.0,0.0
1627481710.6265943,0.0,0.0
1627481710.6539762,0.0,0.0
1627481710.7064946,0.0,0.0
1627481710.7506096,0.0,0.0
1627481710.7962744,0.0,0.0
1627481710.8477318,0.0,0.0
1627481710.8637214,0.0,0.0
1627481710.9151492,0.0,0.0
1627481710.9793353,0.0,0.0
1627481711.0067239,0.0,0.0
1627481711.0699036,0.0,0.0
1627481711.0848086,0.0,0.0
1627481711.1322513,0.0,0.0
1627481711.1798117,0.0,0.0
1627481711.195994,0.0,0.0
1627481711.2389224,0.0,0.0
1627481711.282729,0.0,0.0
1627481711.3026786,0.0,0.0
1627481711.3545644,0.0,0.0
1627481711.3744385,0.0,0.0
1627481711.4221373,0.0,0.0
1627481711.4593658,0.0,0.0
1627481711.478799,0.0,0.0
1627481711.5261612,0.0,0.0
1627481711.5505853,0.0,0.0
1627481711.5984597,0.0,0.0
1627481711.6444385,0.0,0.0
1627481711.665862,0.0,0.0
1627481711.7153485,0.0,0.0
1627481711.7308853,0.0,0.0
1627481711.7870982,0.0,0.0
1627481711.836832,0.0,0.0
1627481711.8523843,0.0,0.0
1627481711.9052162,0.0,0.0
1627481711.9200451,0.0,0.0
1627481711.973461,0.0,0.0
1627481712.0145395,0.0,0.0
1627481712.0634553,0.0,0.0
1627481712.111808,0.0,0.0
1627481712.1271203,0.0,0.0
1627481712.1844947,0.0,0.0
1627481712.1992495,0.0,0.0
1627481712.2517235,0.0,0.0
1627481712.2974486,0.0,0.0
1627481712.3511727,0.0,0.0
1627481712.366898,0.0,0.0
1627481712.4178123,0.0,0.0
1627481712.460564,0.0,0.0
1627481712.5133283,0.0,0.0
1627481712.5337203,0.0,0.0
1627481712.5867596,0.0,0.0
1627481712.6127567,0.0,0.0
1627481712.6645033,0.0,0.0
1627481712.712666,0.0,0.0
1627481712.7283306,0.0,0.0
1627481712.7817733,0.0,0.0
1627481712.7979233,0.0,0.0
1627481712.8491733,0.0,0.0
1627481712.8932498,0.0,0.0
1627481712.9445887,0.0,0.0
1627481712.9698894,0.0,0.0
1627481713.0209508,0.0,0.0
1627481713.0695956,0.0,0.0
1627481713.1208215,0.0,0.0
1627481713.1699433,0.0,0.0
1627481713.2217095,0.0,0.0
1627481713.2480989,0.0,0.0
1627481713.3014014,0.0,0.0
1627481713.3472486,0.0,0.0
1627481713.397896,0.0,0.0
1627481713.425698,0.0,0.0
1627481713.4777336,0.0,0.0
1627481713.5253298,0.0,0.0
1627481713.5772817,0.0,0.0
1627481713.6254177,0.0,0.0
1627481713.6403162,0.0,0.0
1627481713.6910644,0.0,0.0
1627481713.7064652,0.0,0.0
1627481713.7562988,0.0,0.0
1627481713.7988095,0.0,0.0
1627481713.818661,0.0,0.0
1627481713.8635912,0.0,0.0
1627481713.8826685,0.0,0.0
1627481713.9327543,0.0,0.0
1627481713.9793804,0.0,0.0
1627481713.9950948,0.0,0.0
1627481714.04333,0.0,0.0
1627481714.0860963,0.0,0.0
1627481714.1369648,0.0,0.0
1627481714.1823266,0.0,0.0
1627481714.1976504,0.0,0.0
1627481714.2452729,0.0,0.0
1627481714.2838387,0.0,0.0
1627481714.3320498,0.0,0.0
1627481714.3519602,0.0,0.0
1627481714.4001188,0.0,0.0
1627481714.4434335,0.0,0.0
1627481714.4586282,0.0,0.0
1627481714.509133,0.0,0.0
1627481714.552167,0.0,0.0
1627481714.6225455,0.0,0.0
1627481714.6709313,0.0,0.0
1627481714.718388,0.0,0.0
1627481714.7333581,0.0,0.0
1627481714.7813582,0.0,0.0
1627481714.8264225,0.0,0.0
1627481714.841759,0.0,0.0
1627481714.8897986,0.0,0.0
1627481714.9331758,0.0,0.0
1627481714.9575448,0.0,0.0
1627481714.996341,0.0,0.0
1627481715.0162892,0.0,0.0
1627481715.063302,0.0,0.0
1627481715.112236,0.0,0.0
1627481715.1619616,0.0,0.0
1627481715.1907992,0.0,0.0
1627481715.2413635,0.0,0.0
1627481715.2824726,0.0,0.0
1627481715.3341804,0.0,0.0
1627481715.358975,0.0,0.0
1627481715.4094565,0.0,0.0
1627481715.45382,0.0,0.0
1627481715.4775233,0.0,0.0
1627481715.5211537,0.0,0.0
1627481715.538422,0.0,0.0
1627481715.5896032,0.0,0.0
1627481715.6342883,0.0,0.0
1627481715.6829252,0.0,0.0
1627481715.7279863,0.0,0.0
1627481715.7451887,0.0,0.0
1627481715.7960682,0.0,0.0
1627481715.812158,0.0,0.0
1627481715.8608432,0.0,0.0
1627481715.9058876,0.0,0.0
1627481715.9536326,0.0,0.0
1627481715.9976158,0.0,0.0
1627481716.0171845,0.0,0.0
1627481716.0650914,0.0,0.0
1627481716.083169,0.0,0.0
1627481716.179493,0.0,0.0
1627481716.22727,0.0,0.0
1627481716.278148,0.0,0.0
1627481716.3233209,0.0,0.0
1627481716.344856,0.0,0.0
1627481716.3935986,0.0,0.0
1627481716.4136508,0.0,0.0
1627481716.464247,0.0,0.0
1627481716.510883,0.0,0.0
1627481716.525968,0.0,0.0
1627481716.5781643,0.0,0.0
1627481716.5976086,0.0,0.0
1627481716.6465366,0.0,0.0
1627481716.6913958,0.0,0.0
1627481716.7121468,0.0,0.0
1627481716.7579443,0.0,0.0
1627481716.7840292,0.0,0.0
1627481716.8366582,0.0,0.0
1627481716.877791,0.0,0.0
1627481716.9653916,0.0,0.0
1627481717.0771558,0.0,0.0
1627481717.0834293,0.0,0.0
1627481717.083444,0.0,0.0
1627481717.120165,0.0,0.0
1627481717.2168467,0.0,0.0
1627481717.2168858,0.0,0.0
1627481717.2273147,0.0,0.0
1627481717.3366704,0.0,0.0
1627481717.3426163,0.0,0.0
1627481717.3630705,0.0,0.0
1627481717.3786035,0.0,0.0
1627481717.4695537,0.0,0.0
1627481717.4744377,0.0,0.0
1627481717.4913847,0.0,0.0
1627481717.597975,0.0,0.0
1627481717.6069465,0.0,0.0
1627481717.6069794,0.0,0.0
1627481717.6294508,0.0,0.0
1627481717.7327826,0.0,0.0
1627481717.7376075,0.0,0.0
1627481717.7681124,0.0,0.0
1627481717.8684802,0.0,0.0
1627481717.8740206,0.0,0.0
1627481717.875991,0.0,0.0
1627481718.039823,0.0,0.0
1627481718.055703,0.0,0.0
1627481718.0557063,0.0,0.0
1627481718.05571,0.0,0.0
1627481718.0584195,0.0,0.0
1627481718.212386,0.0,0.0
1627481718.21904,0.0,0.0
1627481718.2190619,0.0,0.0
1627481718.2190964,0.0,0.0
1627481718.2420485,0.0,0.0
1627481718.385382,0.0,0.0
1627481718.3904858,0.0,0.0
1627481718.3904963,0.0,0.0
1627481718.3958921,0.0,0.0
1627481718.424039,0.0,0.0
1627481718.4889235,0.0,0.0
1627481718.4933288,0.0,0.0
1627481718.5885553,0.0,0.0
1627481718.5948446,0.0,0.0
1627481718.598788,0.0,0.0
1627481718.761786,0.0,0.0
1627481718.7752645,0.0,0.0
1627481718.7753046,0.0,0.0
1627481718.7801428,0.0,0.0
1627481718.7951717,0.0,0.0
1627481718.9351537,0.0,0.0
1627481718.9399872,0.0,0.0
1627481718.9400327,0.0,0.0
1627481718.946144,0.0,0.0
1627481719.1068676,0.0,0.0
1627481719.111461,0.0,0.0
1627481719.1114707,0.0,0.0
1627481719.1114779,0.0,0.0
1627481719.1486092,0.0,0.0
1627481719.2431262,0.0,0.0
1627481719.2480102,0.0,0.0
1627481719.275174,0.0,0.0
1627481719.4137387,0.0,0.0
1627481719.4234629,0.0,0.0
1627481719.423496,0.0,0.0
1627481719.448325,0.0,0.0
1627481719.5864232,0.0,0.0
1627481719.5954275,0.0,0.0
1627481719.5954494,0.0,0.0
1627481719.5954752,0.0,0.0
1627481719.6270301,0.0,0.0
1627481719.7596462,0.0,0.0
1627481719.7661834,0.0,0.0
1627481719.7661927,0.0,0.0
1627481719.7756116,0.0,0.0
1627481719.9308646,0.0,0.0
1627481719.9343605,0.0,0.0
1627481719.934368,0.0,0.0
1627481719.9711397,0.0,0.0
1627481720.105792,0.0,0.0
1627481720.1106749,0.0,0.0
1627481720.1107206,0.0,0.0
1627481720.1107361,0.0,0.0
1627481720.1380448,0.0,0.0
1627481720.2771873,0.0,0.0
1627481720.28395,0.0,0.0
1627481720.2839754,0.0,0.0
1627481720.2872021,0.0,0.0
1627481720.448507,0.0,0.0
1627481720.4546487,0.0,0.0
1627481720.4546564,0.0,0.0
1627481720.4546611,0.0,0.0
1627481720.4767904,0.0,0.0
1627481720.5847874,0.0,0.0
1627481720.5895007,0.0,0.0
1627481720.7212374,0.0,0.0
1627481720.7262976,0.0,0.0
1627481720.7514708,0.0,0.0
1627481720.8163822,0.0,0.0
1627481720.8260343,0.0,0.0
1627481720.871805,0.0,0.0
1627481720.892065,0.0,0.0
1627481720.9376643,0.0,0.0
1627481720.9585614,0.0,0.0
1627481721.0086064,0.0,0.0
1627481721.055095,0.0,0.0
1627481721.105018,0.0,0.0
1627481721.1510885,0.0,0.0
1627481721.1724114,0.0,0.0
1627481721.2269614,0.0,0.0
1627481721.2414696,0.0,0.0
1627481721.2953854,0.0,0.0
1627481721.3444927,0.0,0.0
1627481721.3608937,0.0,0.0
1627481721.414189,0.0,0.0
1627481721.4361515,0.0,0.0
1627481721.5219593,0.0,0.0
1627481721.5670304,0.0,0.0
1627481721.6196334,0.0,0.0
1627481721.6656468,0.0,0.0
1627481721.680208,0.0,0.0
1627481721.7300706,0.0,0.0
1627481721.755559,0.0,0.0
1627481721.8091133,0.0,0.0
1627481721.8583658,0.0,0.0
1627481721.8792446,0.0,0.0
1627481721.9312036,0.0,0.0
1627481721.9480002,0.0,0.0
1627481722.0001228,0.0,0.0
1627481722.0391676,0.0,0.0
1627481722.0889006,0.0,0.0
1627481722.1155064,0.0,0.0
1627481722.163478,0.0,0.0
1627481722.2154973,0.0,0.0
1627481722.266585,0.0,0.0
1627481722.2928796,0.0,0.0
1627481722.3438985,0.0,0.0
1627481722.394699,0.0,0.0
1627481722.4417052,0.0,0.0
1627481722.4659274,0.0,0.0
1627481722.5154743,0.0,0.0
1627481722.5405588,0.0,0.0
1627481722.5898294,0.0,0.0
1627481722.6387076,0.0,0.0
1627481722.6873498,0.0,0.0
1627481722.7309756,0.0,0.0
1627481722.7513492,0.0,0.0
1627481722.7997346,0.0,0.0
1627481722.814607,0.0,0.0
1627481722.8648903,0.0,0.0
1627481722.9088535,0.0,0.0
1627481722.9339385,0.0,0.0
1627481722.9857295,0.0,0.0
1627481723.0020618,0.0,0.0
1627481723.0553358,0.0,0.0
1627481723.082154,0.0,0.0
1627481723.1342216,0.0,0.0
1627481723.1850057,0.0,0.0
1627481723.2404206,0.0,0.0
1627481723.2618272,0.0,0.0
1627481723.317826,0.0,0.0
1627481723.3455112,0.0,0.0
1627481723.3933823,0.0,0.0
1627481723.4360294,0.0,0.0
1627481723.483392,0.0,0.0
1627481723.503188,0.0,0.0
1627481723.55065,0.0,0.0
1627481723.5941367,0.0,0.0
1627481723.61363,0.0,0.0
1627481723.6707642,0.0,0.0
1627481723.7379656,0.0,0.0
1627481723.7862794,0.0,0.0
1627481723.8063903,0.0,0.0
1627481723.854372,0.0,0.0
1627481723.8975415,0.0,0.0
1627481723.9466858,0.0,0.0
1627481723.99538,0.0,0.0
1627481724.0132864,0.0,0.0
1627481724.0605516,0.0,0.0
1627481724.084432,0.0,0.0
1627481724.1329176,0.0,0.0
1627481724.1812584,0.0,0.0
1627481724.1948366,0.0,0.0
1627481724.246968,0.0,0.0
1627481724.2899582,0.0,0.0
1627481724.3398144,0.0,0.0
1627481724.3597264,0.0,0.0
1627481724.4091036,0.0,0.0
1627481724.433223,0.0,0.0
1627481724.5117428,0.0,0.0
1627481724.5690851,0.0,0.0
1627481724.5845668,0.0,0.0
1627481724.6353786,0.0,0.0
1627481724.6502442,0.0,0.0
1627481724.6980784,0.0,0.0
1627481724.7416751,0.0,0.0
1627481724.767,0.0,0.0
1627481724.8188422,0.0,0.0
1627481724.8384676,0.0,0.0
1627481724.889661,0.0,0.0
1627481724.9329638,0.0,0.0
1627481724.985133,0.0,0.0
1627481725.0281925,0.0,0.0
1627481725.0773,0.0,0.0
1627481725.1016135,0.0,0.0
1627481725.15092,0.0,0.0
1627481725.1965485,0.0,0.0
1627481725.2120373,0.0,0.0
1627481725.275405,0.0,0.0
1627481725.3458834,0.0,0.0
1627481725.3957658,0.0,0.0
1627481725.409925,0.0,0.0
1627481725.4587276,0.0,0.0
1627481725.5029995,0.0,0.0
1627481725.5220704,0.0,0.0
1627481725.5602973,0.0,0.0
1627481725.6058095,0.0,0.0
1627481725.6539423,0.0,0.0
1627481725.6778677,0.0,0.0
1627481725.726982,0.0,0.0
1627481725.7514832,0.0,0.0
1627481725.799078,0.0,0.0
1627481725.8474686,0.0,0.0
1627481725.894039,0.0,0.0
1627481725.9377291,0.0,0.0
1627481725.9871082,0.0,0.0
1627481726.008392,0.0,0.0
1627481726.068901,0.0,0.0
1627481726.1570494,0.0,0.0
1627481726.205891,0.0,0.0
1627481726.2257183,0.0,0.0
1627481726.2777526,0.0,0.0
1627481726.302551,0.0,0.0
1627481726.3530738,0.0,0.0
1627481726.402999,0.0,0.0
1627481726.4183853,0.0,0.0
1627481726.4650283,0.0,0.0
1627481726.4941604,0.0,0.0
1627481726.5464022,0.0,0.0
1627481726.590144,0.0,0.0
1627481726.6433516,0.0,0.0
1627481726.675531,0.0,0.0
1627481726.7257156,0.0,0.0
1627481726.746442,0.0,0.0
1627481726.7977386,0.0,0.0
1627481726.8232954,0.0,0.0
1627481726.8773441,0.0,0.0
1627481726.9240053,0.0,0.0
1627481726.9742649,0.0,0.0
1627481727.020654,0.0,0.0
1627481727.0359282,0.0,0.0
1627481727.0873427,0.0,0.0
1627481727.102686,0.0,0.0
1627481727.1579752,0.0,0.0
1627481727.2090573,0.0,0.0
1627481727.2628987,0.0,0.0
1627481727.2904656,0.0,0.0
1627481727.3428774,0.0,0.0
1627481727.3653367,0.0,0.0
1627481727.4179688,0.0,0.0
1627481727.4686854,0.0,0.0
1627481727.4896877,0.0,0.0
1627481727.5437052,0.0,0.0
1627481727.5587153,0.0,0.0
1627481727.608945,0.0,0.0
1627481727.6517031,0.0,0.0
1627481727.7041743,0.0,0.0
1627481727.724923,0.0,0.0
1627481727.7746937,0.0,0.0
1627481727.8037376,0.0,0.0
1627481727.8553374,0.0,0.0
1627481727.898827,0.0,0.0
1627481727.9154801,0.0,0.0
1627481727.9665544,0.0,0.0
1627481727.9863079,0.0,0.0
1627481728.0348444,0.0,0.0
1627481728.0800054,0.0,0.0
1627481728.100115,0.0,0.0
1627481728.148515,0.0,0.0
1627481728.1645255,0.0,0.0
1627481728.212139,0.0,0.0
1627481728.2585702,0.0,0.0
1627481728.3349383,0.0,0.0
1627481728.3979378,0.0,0.0
1627481728.4082737,0.0,0.0
1627481728.4563205,0.0,0.0
1627481728.4707878,0.0,0.0
1627481728.517533,0.0,0.0
1627481728.5577252,0.0,0.0
1627481728.6081362,0.0,0.0
1627481728.6520624,0.0,0.0
1627481728.6665547,0.0,0.0
1627481728.7138298,0.0,0.0
1627481728.7332034,0.0,0.0
1627481728.780775,0.0,0.0
1627481728.8240292,0.0,0.0
1627481728.8481038,0.0,0.0
1627481728.8853238,0.0,0.0
1627481728.9057744,0.0,0.0
1627481728.9544363,0.0,0.0
1627481729.0016024,0.0,0.0
1627481729.0476942,0.0,0.0
1627481729.0921757,0.0,0.0
1627481729.139661,0.0,0.0
1627481729.1601052,0.0,0.0
1627481729.2089915,0.0,0.0
1627481729.2528956,0.0,0.0
1627481729.3050702,0.0,0.0
1627481729.3543944,0.0,0.0
1627481729.3697302,0.0,0.0
1627481729.4191027,0.0,0.0
1627481729.4620361,0.0,0.0
1627481729.5089169,0.0,0.0
1627481729.528302,0.0,0.0
1627481729.5747137,0.0,0.0
1627481729.5987062,0.0,0.0
1627481729.6448617,0.0,0.0
1627481729.6924596,0.0,0.0
1627481729.7069712,0.0,0.0
1627481729.7540448,0.0,0.0
1627481729.785311,0.0,0.0
1627481729.8335102,0.0,0.0
1627481729.8816822,0.0,0.0
1627481729.9036293,0.0,0.0
1627481729.9497385,0.0,0.0
1627481729.974138,0.0,0.0
1627481730.0222585,0.0,0.0
1627481730.0697186,0.0,0.0
1627481730.1172354,0.0,0.0
1627481730.1644852,0.0,0.0
1627481730.179309,0.0,0.0
1627481730.228896,0.0,0.0
1627481730.2726219,0.0,0.0
1627481730.2982957,0.0,0.0
1627481730.340573,0.0,0.0
1627481730.3560688,0.0,0.0
1627481730.4041436,0.0,0.0
1627481730.4473321,0.0,0.0
1627481730.4670765,0.0,0.0
1627481730.5055723,0.0,0.0
1627481730.5302365,0.0,0.0
1627481730.5769083,0.0,0.0
1627481730.6244729,0.0,0.0
1627481730.6392796,0.0,0.0
1627481730.6866934,0.0,0.0
1627481730.7322187,0.0,0.0
1627481730.7542925,0.0,0.0
1627481730.8039055,0.0,0.0
1627481730.819211,0.0,0.0
1627481730.8677328,0.0,0.0
1627481730.9107888,0.0,0.0
1627481730.9303246,0.0,0.0
1627481730.9721112,0.0,0.0
1627481731.0039868,0.0,0.0
1627481731.0492907,0.0,0.0
1627481731.0776844,0.0,0.0
1627481731.1248257,0.0,0.0
1627481731.168083,0.0,0.0
1627481731.2162786,0.0,0.0
1627481731.258786,0.0,0.0
1627481731.2740095,0.0,0.0
1627481731.3232057,0.0,0.0
1627481731.3684657,0.0,0.0
1627481731.3860886,0.0,0.0
1627481731.4333093,0.0,0.0
1627481731.463617,0.0,0.0
1627481731.5135856,0.0,0.0
1627481731.5388422,0.0,0.0
1627481731.5854213,0.0,0.0
1627481731.6284323,0.0,0.0
1627481731.6444345,0.0,0.0
1627481731.6929615,0.0,0.0
1627481731.7137635,0.0,0.0
1627481731.761111,0.0,0.0
1627481731.8074846,0.0,0.0
1627481731.827705,0.0,0.0
1627481731.8803082,0.0,0.0
1627481731.8974757,0.0,0.0
1627481731.9468691,0.0,0.0
1627481731.991063,0.0,0.0
1627481732.0106058,0.0,0.0
1627481732.0579062,0.0,0.0
1627481732.0822845,0.0,0.0
1627481732.1286435,0.0,0.0
1627481732.1735551,0.0,0.0
1627481732.1877787,0.0,0.0
1627481732.2360675,0.0,0.0
1627481732.279436,0.0,0.0
1627481732.294257,0.0,0.0
1627481732.3465261,0.0,0.0
1627481732.3780644,0.0,0.0
1627481732.4321816,0.0,0.0
1627481732.4811218,0.0,0.0
1627481732.4956832,0.0,0.0
1627481732.5453877,0.0,0.0
1627481732.5919166,0.0,0.0
1627481732.6766133,0.0,0.0
1627481732.7156045,0.0,0.0
1627481732.766836,0.0,0.0
1627481732.7877188,0.0,0.0
1627481732.8388965,0.0,0.0
1627481732.8858535,0.0,0.0
1627481732.9057581,0.0,0.0
1627481732.9502401,0.0,0.0
1627481732.9703102,0.0,0.0
1627481733.0185194,0.0,0.0
1627481733.0428162,0.0,0.0
1627481733.0897853,0.0,0.0
1627481733.1367924,0.0,0.0
1627481733.1835127,0.0,0.0
1627481733.231333,0.0,0.0
1627481733.2454977,0.0,0.0
1627481733.2930663,0.0,0.0
1627481733.3420832,0.0,0.0
1627481733.3569243,0.0,0.0
1627481733.4037368,0.0,0.0
1627481733.4424498,0.0,0.0
1627481733.4892094,0.0,0.0
1627481733.508324,0.0,0.0
1627481733.5556886,0.0,0.0
1627481733.6042507,0.0,0.0
1627481733.6517057,0.0,0.0
1627481733.6754003,0.0,0.0
1627481733.72366,0.0,0.0
1627481733.770059,0.0,0.0
1627481733.8207552,0.0,0.0
1627481733.8709893,0.0,0.0
1627481733.920069,0.0,0.0
1627481733.963975,0.0,0.0
1627481733.9830506,0.0,0.0
1627481734.0309136,0.0,0.0
1627481734.0552962,0.0,0.0
1627481734.1026328,0.0,0.0
1627481734.1448476,0.0,0.0
1627481734.1682844,0.0,0.0
1627481734.215142,0.0,0.0
1627481734.2355483,0.0,0.0
1627481734.2816665,0.0,0.0
1627481734.3327322,0.0,0.0
1627481734.3829541,0.0,0.0
1627481734.4301074,0.0,0.0
1627481734.4810104,0.0,0.0
1627481734.5056388,0.0,0.0
1627481734.5543413,0.0,0.0
1627481734.5787525,0.0,0.0
1627481734.6284287,0.0,0.0
1627481734.6581974,0.0,0.0
1627481734.7071154,0.0,0.0
1627481734.7324393,0.0,0.0
1627481734.7792337,0.0,0.0
1627481734.8249767,0.0,0.0
1627481734.8506987,0.0,0.0
1627481734.8967469,0.0,0.0
1627481734.9134247,0.0,0.0
1627481734.9609673,0.0,0.0
1627481735.00547,0.0,0.0
1627481735.027251,0.0,0.0
1627481735.0773165,0.0,0.0
1627481735.0919948,0.0,0.0
1627481735.138739,0.0,0.0
1627481735.1816397,0.0,0.0
1627481735.2007976,0.0,0.0
1627481735.2474477,0.0,0.0
1627481735.271458,0.0,0.0
1627481735.3219848,0.0,0.0
1627481735.364187,0.0,0.0
1627481735.3833005,0.0,0.0
1627481735.4314153,0.0,0.0
1627481735.4555092,0.0,0.0
1627481735.502407,0.0,0.0
1627481735.545113,0.0,0.0
1627481735.5686204,0.0,0.0
1627481735.6106577,0.0,0.0
1627481735.6350725,0.0,0.0
1627481735.6819754,0.0,0.0
1627481735.7244332,0.0,0.0
1627481735.7433984,0.0,0.0
1627481735.7906396,0.0,0.0
1627481735.816399,0.0,0.0
1627481735.8612814,0.0,0.0
1627481735.908631,0.0,0.0
1627481735.9559808,0.0,0.0
1627481735.998023,0.0,0.0
1627481736.017788,0.0,0.0
1627481736.064174,0.0,0.0
1627481736.0930564,0.0,0.0
1627481736.1397698,0.0,0.0
1627481736.1630344,0.0,0.0
1627481736.2111158,0.0,0.0
1627481736.2600508,0.0,0.0
1627481736.3085032,0.0,0.0
1627481736.352178,0.0,0.0
1627481736.4009795,0.0,0.0
1627481736.4484522,0.0,0.0
1627481736.4654331,0.0,0.0
1627481736.5150228,0.0,0.0
1627481736.5609832,0.0,0.0
1627481736.6092188,0.0,0.0
1627481736.629052,0.0,0.0
1627481736.6761823,0.0,0.0
1627481736.7008698,0.0,0.0
1627481736.747918,0.0,0.0
1627481736.7972956,0.0,0.0
1627481736.847446,0.0,0.0
1627481736.8744018,0.0,0.0
1627481736.9245398,0.0,0.0
1627481736.9724119,0.0,0.0
1627481737.0207903,0.0,0.0
1627481737.0690625,0.0,0.0
1627481737.1187317,0.0,0.0
1627481737.167502,0.0,0.0
1627481737.2149718,0.0,0.0
1627481737.265384,0.0,0.0
1627481737.3140707,0.0,0.0
1627481737.3397524,0.0,0.0
1627481737.390139,0.0,0.0
1627481737.439145,0.0,0.0
1627481737.4872248,0.0,0.0
1627481737.5283508,0.0,0.0
1627481737.5756092,0.0,0.0
1627481737.622718,0.0,0.0
1627481737.636747,0.0,0.0
1627481737.6791008,0.0,0.0
1627481737.7273195,0.0,0.0
1627481737.7419338,0.0,0.0
1627481737.7883682,0.0,0.0
1627481737.834236,0.0,0.0
1627481737.8837326,0.0,0.0
1627481737.9075582,0.0,0.0
1627481737.9556303,0.0,0.0
1627481737.9972603,0.0,0.0
1627481738.0170112,0.0,0.0
1627481738.0640123,0.0,0.0
1627481738.0840168,0.0,0.0
1627481738.131527,0.0,0.0
1627481738.1741443,0.0,0.0
1627481738.193148,0.0,0.0
1627481738.241118,0.0,0.0
1627481738.2647088,0.0,0.0
1627481738.3141198,0.0,0.0
1627481738.3575218,0.0,0.0
1627481738.3720858,0.0,0.0
1627481738.419938,0.0,0.0
1627481738.4631364,0.0,0.0
1627481738.4776714,0.0,0.0
1627481738.5244577,0.0,0.0
1627481738.5634756,0.0,0.0
1627481738.6105266,0.0,0.0
1627481738.6540694,0.0,0.0
1627481738.6738296,0.0,0.0
1627481738.7158644,0.0,0.0
1627481738.7410715,0.0,0.0
1627481738.7884445,0.0,0.0
1627481738.8306937,0.0,0.0
1627481738.8504608,0.0,0.0
1627481738.898657,0.0,0.0
1627481738.9229145,0.0,0.0
1627481738.9706745,0.0,0.0
1627481739.0132923,0.0,0.0
1627481739.0281937,0.0,0.0
1627481739.0753148,0.0,0.0
1627481739.1176918,0.0,0.0
1627481739.1423633,0.0,0.0
1627481739.1894531,0.0,0.0
1627481739.2045712,0.0,0.0
1627481739.2532363,0.0,0.0
1627481739.2858174,0.0,0.0
1627481739.3349097,0.0,0.0
1627481739.377926,0.0,0.0
1627481739.3931444,0.0,0.0
1627481739.4409082,0.0,0.0
1627481739.488817,0.0,0.0
1627481739.535944,0.0,0.0
1627481739.5839138,0.0,0.0
1627481739.6311522,0.0,0.0
1627481739.67837,0.0,0.0
1627481739.6928198,0.0,0.0
1627481739.739657,0.0,0.0
1627481739.7832544,0.0,0.0
1627481739.8316631,0.0,0.0
1627481739.8558507,0.0,0.0
1627481739.9027953,0.0,0.0
1627481739.926738,0.0,0.0
1627481739.9758775,0.0,0.0
1627481740.0200858,0.0,0.0
1627481740.0693777,0.0,0.0
1627481740.0933473,0.0,0.0
1627481740.1413078,0.0,0.0
1627481740.1888344,0.0,0.0
1627481740.2041457,0.0,0.0
1627481740.2510817,0.0,0.0
1627481740.2966805,0.0,0.0
1627481740.3472495,0.0,0.0
1627481740.3668587,0.0,0.0
1627481740.413926,0.0,0.0
1627481740.4378834,0.0,0.0
1627481740.4859319,0.0,0.0
1627481740.5343337,0.0,0.0
1627481740.5494642,0.0,0.0
1627481740.5974545,0.0,0.0
1627481740.6416605,0.0,0.0
1627481740.6904583,0.0,0.0
1627481740.7105057,0.0,0.0
1627481740.759468,0.0,0.0
1627481740.7841966,0.0,0.0
1627481740.8344738,0.0,0.0
1627481740.877021,0.0,0.0
1627481740.9242752,0.0,0.0
1627481740.9721208,0.0,0.0
1627481741.0202553,0.0,0.0
1627481741.0457742,0.0,0.0
1627481741.096262,0.0,0.0
1627481741.1428282,0.0,0.0
1627481741.1921713,0.0,0.0
1627481741.2400756,0.0,0.0
1627481741.2555823,0.0,0.0
1627481741.3038073,0.0,0.0
1627481741.3461783,0.0,0.0
1627481741.3933425,0.0,0.0
1627481741.4428,0.0,0.0
1627481741.490947,0.0,0.0
1627481741.538382,0.0,0.0
1627481741.5858426,0.0,0.0
1627481741.629713,0.0,0.0
1627481741.654869,0.0,0.0
1627481741.7036111,0.0,0.0
1627481741.7233622,0.0,0.0
1627481741.7715776,0.0,0.0
1627481741.7956905,0.0,0.0
1627481741.844098,0.0,0.0
1627481741.8883317,0.0,0.0
1627481741.9075267,0.0,0.0
1627481741.9508836,0.0,0.0
1627481741.9907134,0.0,0.0
1627481742.0398493,0.0,0.0
1627481742.0579574,0.0,0.0
1627481742.1063108,0.0,0.0
1627481742.1314275,0.0,0.0
1627481742.179468,0.0,0.0
1627481742.2238066,0.0,0.0
1627481742.2486506,0.0,0.0
1627481742.2989013,0.0,0.0
1627481742.3138585,0.0,0.0
1627481742.3638523,0.0,0.0
1627481742.4011364,0.0,0.0
1627481742.4498856,0.0,0.0
1627481742.4952896,0.0,0.0
1627481742.5149636,0.0,0.0
1627481742.5589635,0.0,0.0
1627481742.579092,0.0,0.0
1627481742.6271076,0.0,0.0
1627481742.6713212,0.0,0.0
1627481742.6915958,0.0,0.0
1627481742.7406297,0.0,0.0
1627481742.7553203,0.0,0.0
1627481742.8033807,0.0,0.0
1627481742.846675,0.0,0.0
1627481742.8719056,0.0,0.0
1627481742.9157512,0.0,0.0
1627481742.930513,0.0,0.0
1627481742.9782119,0.0,0.0
1627481743.0226438,0.0,0.0
1627481743.0469716,0.0,0.0
1627481743.0956206,0.0,0.0
1627481743.110788,0.0,0.0
1627481743.1601467,0.0,0.0
1627481743.2004123,0.0,0.0
1627481743.247851,0.0,0.0
1627481743.2975318,0.0,0.0
1627481743.349063,0.0,0.0
1627481743.3727894,0.0,0.0
1627481743.4221232,0.0,0.0
1627481743.4710038,0.0,0.0
1627481743.5188243,0.0,0.0
1627481743.5678086,0.0,0.0
1627481743.614772,0.0,0.0
1627481743.6602466,0.0,0.0
1627481743.708839,0.0,0.0
1627481743.7586474,0.0,0.0
1627481743.8047945,0.0,0.0
1627481743.8335588,0.0,0.0
1627481743.8828597,0.0,0.0
1627481743.9067063,0.0,0.0
1627481743.9551535,0.0,0.0
1627481744.0032833,0.0,0.0
1627481744.0183632,0.0,0.0
1627481744.0662982,0.0,0.0
1627481744.1051242,0.0,0.0
1627481744.1530547,0.0,0.0
1627481744.1729085,0.0,0.0
1627481744.2213027,0.0,0.0
1627481744.2654374,0.0,0.0
1627481744.312459,0.0,0.0
1627481744.353355,0.0,0.0
1627481744.3779693,0.0,0.0
1627481744.4266706,0.0,0.0
1627481744.4419792,0.0,0.0
1627481744.4919684,0.0,0.0
1627481744.5405164,0.0,0.0
1627481744.5548146,0.0,0.0
1627481744.6025808,0.0,0.0
1627481744.6413226,0.0,0.0
1627481744.692549,0.0,0.0
1627481744.712083,0.0,0.0
1627481744.7595916,0.0,0.0
1627481744.7875373,0.0,0.0
1627481744.837932,0.0,0.0
1627481744.8867576,0.0,0.0
1627481744.935885,0.0,0.0
1627481744.9581766,0.0,0.0
1627481745.0073996,0.0,0.0
1627481745.0511487,0.0,0.0
1627481745.1003532,0.0,0.0
1627481745.1489282,0.0,0.0
1627481745.16372,0.0,0.0
1627481745.2122524,0.0,0.0
1627481745.255355,0.0,0.0
1627481745.3046386,0.0,0.0
1627481745.3241456,0.0,0.0
1627481745.3757446,0.0,0.0
1627481745.4004107,0.0,0.0
1627481745.4497993,0.0,0.0
1627481745.4961538,0.0,0.0
1627481745.5434425,0.0,0.0
1627481745.587918,0.0,0.0
1627481745.612636,0.0,0.0
1627481745.6594894,0.0,0.0
1627481745.67419,0.0,0.0
1627481745.7227607,0.0,0.0
1627481745.7663612,0.0,0.0
1627481745.7917612,0.0,0.0
1627481745.8318226,0.0,0.0
1627481745.8566682,0.0,0.0
1627481745.9059386,0.0,0.0
1627481745.9521682,0.0,0.0
1627481745.967231,0.0,0.0
1627481746.0160549,0.0,0.0
1627481746.031079,0.0,0.0
1627481746.0798328,0.0,0.0
1627481746.1249926,0.0,0.0
1627481746.1461549,0.0,0.0
1627481746.1913872,0.0,0.0
1627481746.2112672,0.0,0.0
1627481746.2594128,0.0,0.0
1627481746.2898073,0.0,0.0
1627481746.3371277,0.0,0.0
1627481746.3642488,0.0,0.0
1627481746.4081688,0.0,0.0
1627481746.4541726,0.0,0.0
1627481746.4724631,0.0,0.0
1627481746.5236373,0.0,0.0
1627481746.5523868,0.0,0.0
1627481746.6009622,0.0,0.0
1627481746.626231,0.0,0.0
1627481746.6728745,0.0,0.0
1627481746.717446,0.0,0.0
1627481746.736203,0.0,0.0
1627481746.7850282,0.0,0.0
1627481746.799679,0.0,0.0
1627481746.8465273,0.0,0.0
1627481746.8929636,0.0,0.0
1627481746.9130228,0.0,0.0
1627481746.9605746,0.0,0.0
1627481746.975832,0.0,0.0
1627481747.0234103,0.0,0.0
1627481747.0663147,0.0,0.0
1627481747.0867438,0.0,0.0
1627481747.1310022,0.0,0.0
1627481747.1551118,0.0,0.0
1627481747.2039883,0.0,0.0
1627481747.2520554,0.0,0.0
1627481747.3016465,0.0,0.0
1627481747.3501742,0.0,0.0
1627481747.4018567,0.0,0.0
1627481747.4415984,0.0,0.0
1627481747.46109,0.0,0.0
1627481747.5134387,0.0,0.0
1627481747.5339782,0.0,0.0
1627481747.5823705,0.0,0.0
1627481747.6073723,0.0,0.0
1627481747.6582866,0.0,0.0
1627481747.694312,0.0,0.0
1627481747.71817,0.0,0.0
1627481747.7624695,0.0,0.0
1627481747.7859013,0.0,0.0
1627481747.8341942,0.0,0.0
1627481747.8740695,0.0,0.0
1627481747.8981075,0.0,0.0
1627481747.9473245,0.0,0.0
1627481747.9626262,0.0,0.0
1627481748.011578,0.0,0.0
1627481748.0617132,0.0,0.0
1627481748.1085691,0.0,0.0
1627481748.1575115,0.0,0.0
1627481748.2055268,0.0,0.0
1627481748.2445238,0.0,0.0
1627481748.2644684,0.0,0.0
1627481748.313855,0.0,0.0
1627481748.338449,0.0,0.0
1627481748.389811,0.0,0.0
1627481748.4378316,0.0,0.0
1627481748.4525256,0.0,0.0
1627481748.5012128,0.0,0.0
1627481748.5379722,0.0,0.0
1627481748.5886407,0.0,0.0
1627481748.6380122,0.0,0.0
1627481748.6532307,0.0,0.0
1627481748.7026918,0.0,0.0
1627481748.7271988,0.0,0.0
1627481748.776914,0.0,0.0
1627481748.8250425,0.0,0.0
1627481748.8395422,0.0,0.0
1627481748.8875551,0.0,0.0
1627481748.9332438,0.0,0.0
1627481748.9833994,0.0,0.0
1627481749.0024462,0.0,0.0
1627481749.0500212,0.0,0.0
1627481749.0971391,0.0,0.0
1627481749.1120214,0.0,0.0
1627481749.1594377,0.0,0.0
1627481749.1958354,0.0,0.0
1627481749.2439446,0.0,0.0
1627481749.2832222,0.0,0.0
1627481749.304525,0.0,0.0
1627481749.3563232,0.0,0.0
1627481749.3827055,0.0,0.0
1627481749.4370358,0.0,0.0
1627481749.4836583,0.0,0.0
1627481749.5037386,0.0,0.0
1627481749.5490162,0.0,0.0
1627481749.5688612,0.0,0.0
1627481749.620445,0.0,0.0
1627481749.7140484,0.0,0.0
1627481749.771236,0.0,0.0
1627481749.7911675,0.0,0.0
1627481749.8387582,0.0,0.0
1627481749.8830466,0.0,0.0
1627481749.8970678,0.0,0.0
1627481749.9446757,0.0,0.0
1627481749.9820223,0.0,0.0
1627481750.0283966,0.0,0.0
1627481750.0710583,0.0,0.0
1627481750.0899801,0.0,0.0
1627481750.1338427,0.0,0.0
1627481750.1575875,0.0,0.0
1627481750.2057033,0.0,0.0
1627481750.2466247,0.0,0.0
1627481750.2678442,0.0,0.0
1627481750.3149245,0.0,0.0
1627481750.3390653,0.0,0.0
1627481750.387851,0.0,0.0
1627481750.4337113,0.0,0.0
1627481750.4482226,0.0,0.0
1627481750.4951994,0.0,0.0
1627481750.532985,0.0,0.0
1627481750.5800807,0.0,0.0
1627481750.6248233,0.0,0.0
1627481750.641056,0.0,0.0
1627481750.6920738,0.0,0.0
1627481750.725921,0.0,0.0
1627481750.7742136,0.0,0.0
1627481750.798459,0.0,0.0
1627481750.8479664,0.0,0.0
1627481750.8952842,0.0,0.0
1627481750.9158027,0.0,0.0
1627481750.9611857,0.0,0.0
1627481750.975852,0.0,0.0
1627481751.0234494,0.0,0.0
1627481751.0701513,0.0,0.0
1627481751.0873115,0.0,0.0
1627481751.1343741,0.0,0.0
1627481751.1487768,0.0,0.0
1627481751.1963065,0.0,0.0
1627481751.2398565,0.0,0.0
1627481751.2591903,0.0,0.0
1627481751.3081143,0.0,0.0
1627481751.3229597,0.0,0.0
1627481751.37109,0.0,0.0
1627481751.4175391,0.0,0.0
1627481751.4388711,0.0,0.0
1627481751.480958,0.0,0.0
1627481751.5005074,0.0,0.0
1627481751.5482888,0.0,0.0
1627481751.586766,0.0,0.0
1627481751.6111596,0.0,0.0
1627481751.6546772,0.0,0.0
1627481751.679409,0.0,0.0
1627481751.7275324,0.0,0.0
1627481751.7657394,0.0,0.0
1627481751.7850692,0.0,0.0
1627481751.8335447,0.0,0.0
1627481751.8733952,0.0,0.0
1627481751.8939426,0.0,0.0
1627481751.942241,0.0,0.0
1627481751.9666903,0.0,0.0
1627481752.0141184,0.0,0.0
1627481752.053107,0.0,0.0
1627481752.0736458,0.0,0.0
1627481752.1216779,0.0,0.0
1627481752.1465127,0.0,0.0
1627481752.194676,0.0,0.0
1627481752.2380242,0.0,0.0
1627481752.2582688,0.0,0.0
1627481752.3029063,0.0,0.0
1627481752.3271205,0.0,0.0
1627481752.374282,0.0,0.0
1627481752.4156406,0.0,0.0
1627481752.4347353,0.0,0.0
1627481752.4828339,0.0,0.0
1627481752.5092945,0.0,0.0
1627481752.5567734,0.0,0.0
1627481752.6012492,0.0,0.0
1627481752.6204445,0.0,0.0
1627481752.6647084,0.0,0.0
1627481752.689021,0.0,0.0
1627481752.739069,0.0,0.0
1627481752.777901,0.0,0.0
1627481752.79747,0.0,0.0
1627481752.8452091,0.0,0.0
1627481752.8721879,0.0,0.0
1627481752.9195228,0.0,0.0
1627481752.9586124,0.0,0.0
1627481752.9817247,0.0,0.0
1627481753.0355213,0.0,0.0
1627481753.0651968,0.0,0.0
1627481753.118075,0.0,0.0
1627481753.1451743,0.0,0.0
1627481753.1976159,0.0,0.0
1627481753.245192,0.0,0.0
1627481753.2821665,0.0,0.0
1627481753.3469884,0.0,0.0
1627481753.3729942,0.0,0.0
1627481753.4177988,0.0,0.0
1627481753.442526,0.0,0.0
1627481753.4933393,0.0,0.0
1627481753.5191557,0.0,0.0
1627481753.5638003,0.0,0.0
1627481753.5890915,0.0,0.0
1627481753.6357648,0.0,0.0
1627481753.6804967,0.0,0.0
1627481753.6951277,0.0,0.0
1627481753.7376046,0.0,0.0
1627481753.787241,0.0,0.0
1627481753.8028772,0.0,0.0
1627481753.8499763,0.0,0.0
1627481753.887331,0.0,0.0
1627481753.939274,0.0,0.0
1627481753.9860923,0.0,0.0
1627481754.0014982,0.0,0.0
1627481754.0514474,0.0,0.0
1627481754.072302,0.0,0.0
1627481754.1231241,0.0,0.0
1627481754.1533773,0.0,0.0
1627481754.2067337,0.0,0.0
1627481754.2486143,0.0,0.0
1627481754.2992637,0.0,0.0
1627481754.326952,0.0,0.0
1627481754.3799734,0.0,0.0
1627481754.401554,0.0,0.0
1627481754.4525576,0.0,0.0
1627481754.5041516,0.0,0.0
1627481754.5542383,0.0,0.0
1627481754.5873392,0.0,0.0
1627481754.6400144,0.0,0.0
1627481754.6670687,0.0,0.0
1627481754.7198677,0.0,0.0
1627481754.76824,0.0,0.0
1627481754.8178346,0.0,0.0
1627481754.8570957,0.0,0.0
1627481754.9054127,0.0,0.0
1627481754.9483833,0.0,0.0
1627481754.9670613,0.0,0.0
1627481755.0151384,0.0,0.0
1627481755.0318666,0.0,0.0
1627481755.0814044,0.0,0.0
1627481755.122237,0.0,0.0
1627481755.1418052,0.0,0.0
1627481755.1841743,0.0,0.0
1627481755.2079182,0.0,0.0
1627481755.2557037,0.0,0.0
1627481755.2950294,0.0,0.0
1627481755.3155844,0.0,0.0
1627481755.3662014,0.0,0.0
1627481755.4048126,0.0,0.0
1627481755.424426,0.0,0.0
1627481755.475943,0.0,0.0
1627481755.4907684,0.0,0.0
1627481755.5444412,0.0,0.0
1627481755.5932655,0.0,0.0
1627481755.6463618,0.0,0.0
1627481755.6923099,0.0,0.0
1627481755.744772,0.0,0.0
1627481755.7713609,0.0,0.0
1627481755.8235452,0.0,0.0
1627481755.843266,0.0,0.0
1627481755.8932357,0.0,0.0
1627481755.9329903,0.0,0.0
1627481755.9578223,0.0,0.0
1627481756.00242,0.0,0.0
1627481756.0229416,0.0,0.0
1627481756.0743103,0.0,0.0
1627481756.1215136,0.0,0.0
1627481756.1364064,0.0,0.0
1627481756.1906238,0.0,0.0
1627481756.2260327,0.0,0.0
1627481756.298602,0.0,0.0
1627481756.325587,0.0,0.0
1627481756.3770182,0.0,0.0
1627481756.428937,0.0,0.0
1627481756.4826696,0.0,0.0
1627481756.5099218,0.0,0.0
1627481756.5590627,0.0,0.0
1627481756.6041353,0.0,0.0
1627481756.6569266,0.0,0.0
1627481756.6990685,0.0,0.0
1627481756.7187517,0.0,0.0
1627481756.7661974,0.0,0.0
1627481756.7855682,0.0,0.0
1627481756.8329153,0.0,0.0
1627481756.8700373,0.0,0.0
1627481756.8919778,0.0,0.0
1627481756.933003,0.0,0.0
1627481756.9686942,0.0,0.0
1627481757.0279775,0.0,0.0
1627481757.0998192,0.0,0.0
1627481757.1188586,0.0,0.0
1627481757.1669579,0.0,0.0
1627481757.1911204,0.0,0.0
1627481757.2369823,0.0,0.0
1627481757.2858584,0.0,0.0
1627481757.3025603,0.0,0.0
1627481757.3464198,0.0,0.0
1627481757.3943298,0.0,0.0
1627481757.4403691,0.0,0.0
1627481757.4727662,0.0,0.0
1627481757.5218074,0.0,0.0
1627481757.5698612,0.0,0.0
1627481757.6156917,0.0,0.0
1627481757.666703,0.0,0.0
1627481757.6819808,0.0,0.0
1627481757.7311964,0.0,0.0
1627481757.7656991,0.0,0.0
1627481757.8327117,0.0,0.0
1627481757.875901,0.0,0.0
1627481757.9329033,0.0,0.0
1627481757.95874,0.0,0.0
1627481758.0107825,0.0,0.0
1627481758.0586505,0.0,0.0
1627481758.0751073,0.0,0.0
1627481758.1281374,0.0,0.0
1627481758.14469,0.0,0.0
1627481758.1970022,0.0,0.0
1627481758.2317438,0.0,0.0
1627481758.2810338,0.0,0.0
1627481758.3271036,0.0,0.0
1627481758.3418863,0.0,0.0
1627481758.3930366,0.0,0.0
1627481758.431103,0.0,0.0
1627481758.483901,0.0,0.0
1627481758.5361276,0.0,0.0
1627481758.552235,0.0,0.0
1627481758.6032314,0.0,0.0
1627481758.6248128,0.0,0.0
1627481758.6737137,0.0,0.0
1627481758.7030482,0.0,0.0
1627481758.7474105,0.0,0.0
1627481758.7917774,0.0,0.0
1627481758.8114388,0.0,0.0
1627481758.8560705,0.0,0.0
1627481758.875413,0.0,0.0
1627481758.9241593,0.0,0.0
1627481758.9685636,0.0,0.0
1627481758.9894042,0.0,0.0
1627481759.0342176,0.0,0.0
1627481759.0534027,0.0,0.0
1627481759.1027775,0.0,0.0
1627481759.141955,0.0,0.0
1627481759.1614127,0.0,0.0
1627481759.2091722,0.0,0.0
1627481759.2343342,0.0,0.0
1627481759.282598,0.0,0.0
1627481759.3236587,0.0,0.0
1627481759.3465362,0.0,0.0
1627481759.3961496,0.0,0.0
1627481759.4118881,0.0,0.0
1627481759.4605918,0.0,0.0
1627481759.501011,0.0,0.0
1627481759.5512867,0.0,0.0
1627481759.570598,0.0,0.0
1627481759.618935,0.0,0.0
1627481759.644165,0.0,0.0
1627481759.6922255,0.0,0.0
1627481759.7330358,0.0,0.0
1627481759.7562733,0.0,0.0
1627481759.800711,0.0,0.0
1627481759.825352,0.0,0.0
1627481759.873616,0.0,0.0
1627481759.9140432,0.0,0.0
1627481759.9335608,0.0,0.0
1627481759.9828062,0.0,0.0
1627481760.0263581,0.0,0.0
1627481760.0467436,0.0,0.0
1627481760.0918243,0.0,0.0
1627481760.1136441,0.0,0.0
1627481760.1643136,0.0,0.0
1627481760.2049458,0.0,0.0
1627481760.225802,0.0,0.0
1627481760.2767901,0.0,0.0
1627481760.2999635,0.0,0.0
1627481760.342445,0.0,0.0
1627481760.3912945,0.0,0.0
1627481760.406567,0.0,0.0
1627481760.4511392,0.0,0.0
1627481760.500177,0.0,0.0
1627481760.5144515,0.0,0.0
1627481760.5608575,0.0,0.0
1627481760.6072226,0.0,0.0
1627481760.6505075,0.0,0.0
1627481760.6748958,0.0,0.0
1627481760.7251124,0.0,0.0
1627481760.808798,0.0,0.0
1627481760.824992,0.0,0.0
1627481760.869398,0.0,0.0
1627481760.8935695,0.0,0.0
1627481760.9383502,0.0,0.0
1627481760.9874387,0.0,0.0
1627481761.0023992,0.0,0.0
1627481761.046124,0.0,0.0
1627481761.0959158,0.0,0.0
1627481761.1402488,0.0,0.0
1627481761.159984,0.0,0.0
1627481761.2036471,0.0,0.0
1627481761.2428057,0.0,0.0
1627481761.2913246,0.0,0.0
1627481761.3204648,0.0,0.0
1627481761.3637793,0.0,0.0
1627481761.4004657,0.0,0.0
1627481761.4504602,0.0,0.0
1627481761.4936776,0.0,0.0
1627481761.5133939,0.0,0.0
1627481761.5596175,0.0,0.0
1627481761.5835571,0.0,0.0
1627481761.6285105,0.0,0.0
1627481761.6786232,0.0,0.0
1627481761.6920106,0.0,0.0
1627481761.744,0.0,0.0
1627481761.7847826,0.0,0.0
1627481761.8355772,0.0,0.0
1627481761.861076,0.0,0.0
1627481761.915233,0.0,0.0
1627481761.9596155,0.0,0.0
1627481762.0085282,0.0,0.0
1627481762.0525126,0.0,0.0
1627481762.073154,0.0,0.0
1627481762.1242504,0.0,0.0
1627481762.1462843,0.0,0.0
1627481762.198049,0.0,0.0
1627481762.223921,0.0,0.0
1627481762.2751312,0.0,0.0
1627481762.323218,0.0,0.0
1627481762.3393164,0.0,0.0
1627481762.3893602,0.0,0.0
1627481762.405499,0.0,0.0
1627481762.4559274,0.0,0.0
1627481762.503825,0.0,0.0
1627481762.5209703,0.0,0.0
1627481762.5750422,0.0,0.0
1627481762.6005065,0.0,0.0
1627481762.649538,0.0,0.0
1627481762.674898,0.0,0.0
1627481762.7258282,0.0,0.0
1627481762.7739289,0.0,0.0
1627481762.7889225,0.0,0.0
1627481762.838586,0.0,0.0
1627481762.8541229,0.0,0.0
1627481762.9034688,0.0,0.0
1627481762.947391,0.0,0.0
1627481762.969318,0.0,0.0
1627481763.0214815,0.0,0.0
1627481763.0413013,0.0,0.0
1627481763.0900018,0.0,0.0
1627481763.1156323,0.0,0.0
1627481763.1656826,0.0,0.0
1627481763.2146852,0.0,0.0
1627481763.2652843,0.0,0.0
1627481763.305913,0.0,0.0
1627481763.3261976,0.0,0.0
1627481763.3763764,0.0,0.0
1627481763.3961065,0.0,0.0
1627481763.446715,0.0,0.0
1627481763.4765496,0.0,0.0
1627481763.5250354,0.0,0.0
1627481763.5524983,0.0,0.0
1627481763.6009789,0.0,0.0
1627481763.6407275,0.0,0.0
1627481763.6666684,0.0,0.0
1627481763.7126453,0.0,0.0
1627481763.7272239,0.0,0.0
1627481763.772683,0.0,0.0
1627481763.8238082,0.0,0.0
1627481763.8395207,0.0,0.0
1627481763.8831582,0.0,0.0
1627481763.925578,0.0,0.0
1627481763.9693305,0.0,0.0
1627481763.9936428,0.0,0.0
1627481764.0376842,0.0,0.0
1627481764.0619285,0.0,0.0
1627481764.107151,0.0,0.0
1627481764.1559432,0.0,0.0
1627481764.1710072,0.0,0.0
1627481764.215587,0.0,0.0
1627481764.263805,0.0,0.0
1627481764.2786753,0.0,0.0
1627481764.323987,0.0,0.0
1627481764.364453,0.0,0.0
1627481764.4130461,0.0,0.0
1627481764.464164,0.0,0.0
1627481764.478842,0.0,0.0
1627481764.5254183,0.0,0.0
1627481764.5686767,0.0,0.0
1627481764.6171644,0.0,0.0
1627481764.6658418,0.0,0.0
1627481764.710634,0.0,0.0
1627481764.75404,0.0,0.0
1627481764.7740526,0.0,0.0
1627481764.8174534,0.0,0.0
1627481764.862643,0.0,0.0
1627481764.881642,0.0,0.0
1627481764.9284303,0.0,0.0
1627481764.973415,0.0,0.0
1627481765.0167851,0.0,0.0
1627481765.036385,0.0,0.0
1627481765.116283,0.0,0.0
1627481765.156719,0.0,0.0
1627481765.2049963,0.0,0.0
1627481765.2247262,0.0,0.0
1627481765.2705622,0.0,0.0
1627481765.3219392,0.0,0.0
1627481765.3373466,0.0,0.0
1627481765.3903956,0.0,0.0
1627481765.4336627,0.0,0.0
1627481765.485004,0.0,0.0
1627481765.5279555,0.0,0.0
1627481765.581596,0.0,0.0
1627481765.6225972,0.0,0.0
1627481765.672584,0.0,0.0
1627481765.6944008,0.0,0.0
1627481765.7465038,0.0,0.0
1627481765.775355,0.0,0.0
1627481765.8270323,0.0,0.0
1627481765.8955426,0.0,0.0
1627481765.9251008,0.0,0.0
1627481765.9867482,0.0,0.0
1627481766.0019429,0.0,0.0
1627481766.050618,0.0,0.0
1627481766.0938923,0.0,0.0
1627481766.1428432,0.0,0.0
1627481766.1736054,0.0,0.0
1627481766.226584,0.0,0.0
1627481766.2773008,0.0,0.0
1627481766.3255873,0.0,0.0
1627481766.353707,0.0,0.0
1627481766.4018133,0.0,0.0
