time,v,omega
1629116351.2642174,1.0,0.0
1629116351.3143675,1.0,0.0
1629116351.364477,1.0,0.0
1629116351.4145575,1.0,0.0
1629116351.4646387,1.0,0.0
1629116351.514736,1.0,0.0
1629116351.5648289,1.0,0.0
1629116351.6148503,1.0,0.0
1629116351.664974,1.0,0.0
1629116351.715121,1.0,0.0
1629116351.7652266,1.0,0.0
1629116351.8152406,1.0,0.0
1629116351.8653297,1.0,0.0
1629116351.9154346,1.0,0.0
1629116351.965535,1.0,0.0
1629116352.0156224,1.0,0.0
1629116352.06567,1.0,0.0
1629116352.115772,1.0,0.0
1629116352.1659179,1.0,0.0
1629116352.2160633,1.0,0.0
1629116352.2661602,1.0,0.0
1629116352.316226,1.0,0.0
1629116352.3663182,1.0,0.0
1629116352.416415,1.0,0.0
1629116352.4665246,1.0,0.0
1629116352.5166297,1.0,0.0
1629116352.5667176,1.0,0.0
1629116352.6167653,1.0,0.0
1629116352.666851,1.0,0.0
1629116352.716978,1.0,0.0
1629116352.7670736,1.0,0.0
1629116352.804162,1.0,-0.0
1629116352.8281448,1.0,-0.0
1629116352.8361425,1.0,-0.0
1629116352.8441367,1.0,-0.0
1629116352.8601515,1.0,-0.0
1629116352.8761363,1.0,-0.0
1629116352.884131,1.0,-0.0
1629116352.8921404,1.0,-0.0
1629116352.9161358,1.0,-0.0
1629116352.9662306,1.0,-0.0
1629116353.0121386,1.0,-0.0
1629116353.0441644,1.0,-0.0
1629116353.0942428,1.0,-0.0
1629116353.1443384,1.0,-0.0
1629116353.1944394,1.0,-0.0
1629116353.2445815,1.0,-0.0
1629116353.2947013,1.0,-0.0
1629116353.3401756,1.0,-0.0
1629116353.3561401,1.0,-0.0
1629116353.3801377,1.0,-0.0
1629116353.388151,1.0,-0.0
1629116353.412148,1.0,-0.0
1629116353.4281468,1.0,-0.0
1629116353.4441633,1.0,0.017280887812376022
1629116353.4601266,1.0,0.05559469722211361
1629116353.4761574,1.0,0.09385182559490204
1629116353.5081618,1.0,0.13216563984751703
1629116353.5241597,1.0,0.17042277306318285
1629116353.5641537,1.0,0.20873657763004302
1629116353.6142557,1.0,0.20873657763004302
1629116353.6643507,1.0,0.20873657763004302
1629116353.7144454,1.0,0.20873657763004302
1629116353.764506,1.0,0.20873657763004302
1629116353.772145,1.0,0.24705038219690323
1629116353.8222206,1.0,0.24705038219690323
1629116353.8521419,1.0,0.28530752509832386
1629116353.87613,1.0,0.32362132966518403
1629116353.884205,1.0,0.36193515360355377
1629116353.8922093,1.0,0.41934916973114017
1629116353.9001749,1.0,0.4576629936695099
1629116353.9161751,1.0,0.4959200978279114
1629116353.924136,1.0,0.5342339217662812
1629116353.9321742,1.0,0.572547745704651
1629116353.9402058,1.0,0.6108048498630524
1629116353.9481726,1.0,0.6491186738014222
1629116353.9561138,1.0,0.6873757779598236
1629116353.9640968,1.0,0.7256896018981934
1629116353.97214,1.0,0.7640034258365631
1629116353.9801893,1.0,0.8022605299949647
1629116353.9881933,1.0,0.8405743539333344
1629116354.0382617,1.0,0.8405743539333344
1629116354.0883403,1.0,0.8405743539333344
1629116354.138473,1.0,0.8405743539333344
1629116354.1885116,1.0,0.8405743539333344
1629116354.2387054,1.0,0.8405743539333344
1629116354.2887585,1.0,0.8405743539333344
1629116354.3388643,1.0,0.8405743539333344
1629116354.3889318,1.0,0.8405743539333344
1629116354.4390552,1.0,0.8405743539333344
1629116354.4891036,1.0,0.8405743539333344
1629116354.4921646,1.0,0.6873757779598236
1629116354.500159,1.0,0.6491186738014222
1629116354.5081635,1.0,0.6108048498630524
1629116354.5161328,1.0,0.572547745704651
1629116354.532204,1.0,0.5342339217662812
1629116354.5401924,1.0,0.4576629936695099
1629116354.5482066,1.0,0.41934916973114017
1629116354.556192,1.0,0.36193515360355377
1629116354.5801678,1.0,0.32362132966518403
1629116354.6302505,1.0,0.32362132966518403
1629116354.6803572,1.0,0.32362132966518403
1629116354.7304406,1.0,0.32362132966518403
1629116354.7805257,1.0,0.32362132966518403
1629116354.8306582,1.0,0.32362132966518403
1629116354.880752,1.0,0.32362132966518403
1629116354.93087,1.0,0.32362132966518403
1629116354.9809434,1.0,0.32362132966518403
1629116355.0309372,1.0,0.32362132966518403
1629116355.081039,1.0,0.32362132966518403
1629116355.1311278,1.0,0.32362132966518403
1629116355.1811895,1.0,0.32362132966518403
1629116355.2313242,1.0,0.32362132966518403
1629116355.2814362,1.0,0.32362132966518403
1629116355.3315492,1.0,0.32362132966518403
1629116355.3816946,1.0,0.32362132966518403
1629116355.431761,1.0,0.32362132966518403
1629116355.4818377,1.0,0.32362132966518403
1629116355.5319633,1.0,0.32362132966518403
1629116355.5820856,1.0,0.32362132966518403
1629116355.632124,1.0,0.32362132966518403
1629116355.682218,1.0,0.32362132966518403
1629116355.732328,1.0,0.32362132966518403
1629116355.7823834,1.0,0.32362132966518403
1629116355.832506,1.0,0.32362132966518403
1629116355.8826091,1.0,0.32362132966518403
1629116355.9326842,1.0,0.32362132966518403
1629116355.9827785,1.0,0.32362132966518403
1629116356.0328686,1.0,0.32362132966518403
1629116356.0829115,1.0,0.32362132966518403
1629116356.133021,1.0,0.32362132966518403
1629116356.1831427,1.0,0.32362132966518403
1629116356.1880822,1.0,0.4576629936695099
1629116356.2382057,1.0,0.4576629936695099
1629116356.288292,1.0,0.4576629936695099
1629116356.2921743,1.0,0.4959200978279114
1629116356.34225,1.0,0.4959200978279114
1629116356.3923662,1.0,0.4959200978279114
1629116356.4424675,1.0,0.4959200978279114
1629116356.4925385,1.0,0.4959200978279114
1629116356.5426664,1.0,0.4959200978279114
1629116356.5926905,1.0,0.4959200978279114
1629116356.64283,1.0,0.4959200978279114
1629116356.6929135,1.0,0.4959200978279114
1629116356.743001,1.0,0.4959200978279114
1629116356.793156,1.0,0.4959200978279114
1629116356.843212,1.0,0.4959200978279114
1629116356.8933094,1.0,0.4959200978279114
1629116356.9434144,1.0,0.4959200978279114
1629116356.993419,1.0,0.4959200978279114
1629116357.0201805,1.0,0.5342339217662812
1629116357.0702991,1.0,0.5342339217662812
1629116357.0921824,1.0,0.572547745704651
1629116357.1423051,1.0,0.572547745704651
1629116357.188181,1.0,0.41934916973114017
1629116357.2201831,1.0,0.36193515360355377
1629116357.2521338,1.0,0.32362132966518403
1629116357.2761683,1.0,0.28530752509832386
1629116357.2921927,1.0,0.24705038219690323
1629116357.3422818,1.0,0.24705038219690323
1629116357.3923705,1.0,0.24705038219690323
1629116357.4424636,1.0,0.24705038219690323
1629116357.4925575,1.0,0.24705038219690323
1629116357.542651,1.0,0.24705038219690323
1629116357.5927346,1.0,0.24705038219690323
1629116357.642831,1.0,0.24705038219690323
1629116357.6841645,1.0,0.20873657763004302
1629116357.7001598,1.0,0.17042277306318285
1629116357.7241428,1.0,0.13216563984751703
1629116357.7481127,1.0,0.09385182559490204
1629116357.7721589,1.0,0.05559469722211361
1629116357.7881615,1.0,0.017280887812376022
1629116357.8041155,1.0,-0.0
1629116357.8121793,1.0,-0.0
1629116357.8622618,1.0,-0.0
1629116357.9123633,1.0,-0.0
1629116357.962472,1.0,-0.0
1629116358.0125546,1.0,-0.0
1629116358.0627048,1.0,-0.0
1629116358.1128063,1.0,-0.0
1629116358.1629045,1.0,-0.0
1629116358.2129626,1.0,-0.0
1629116358.2282078,1.0,0.09385182559490204
1629116358.252193,1.0,0.13216563984751703
1629116358.2761903,1.0,0.17042277306318285
1629116358.326258,1.0,0.17042277306318285
1629116358.3641894,1.0,0.20873657763004302
1629116358.396242,1.0,0.24705038219690323
1629116358.4361918,1.0,0.28530752509832386
1629116358.4602044,1.0,0.32362132966518403
1629116358.4921613,1.0,0.36193515360355377
1629116358.5162306,1.0,0.41934916973114017
1629116358.556216,1.0,0.4576629936695099
1629116358.6062007,1.0,0.4576629936695099
1629116358.6563237,1.0,0.4576629936695099
1629116358.7064383,1.0,0.4576629936695099
1629116358.7565114,1.0,0.4576629936695099
1629116358.8041925,1.0,0.4959200978279114
1629116358.8542948,1.0,0.4959200978279114
1629116358.9043818,1.0,0.4959200978279114
1629116358.954468,1.0,0.4959200978279114
1629116359.0045338,1.0,0.4959200978279114
1629116359.0546622,1.0,0.4959200978279114
1629116359.0921326,1.0,0.5342339217662812
1629116359.1081715,1.0,0.572547745704651
1629116359.1161656,1.0,0.6108048498630524
1629116359.1321876,1.0,0.6491186738014222
1629116359.1401923,1.0,0.6873757779598236
1629116359.1481593,1.0,0.7256896018981934
1629116359.156169,1.0,0.7640034258365631
1629116359.1641624,1.0,0.8022605299949647
1629116359.172163,1.0,0.8405743539333344
1629116359.188166,1.0,0.8788881778717041
1629116359.19617,1.0,0.9171452820301056
1629116359.2041605,1.0,0.9554591059684754
1629116359.2121184,1.0,0.9937162101268768
1629116359.2201583,1.0,1.0511869847774507
1629116359.2281563,1.0,1.0895007312297822
1629116359.236156,1.0,1.127757912874222
1629116359.2601688,1.0,1.1660717368125917
1629116359.3102381,1.0,1.1660717368125917
1629116359.3603284,1.0,1.1660717368125917
1629116359.410484,1.0,1.1660717368125917
1629116359.4605863,1.0,1.1660717368125917
1629116359.510678,1.0,1.1660717368125917
1629116359.560771,1.0,1.1660717368125917
1629116359.610862,1.0,1.1660717368125917
1629116359.6521657,1.0,0.9937162101268768
1629116359.6601872,1.0,0.9554591059684754
1629116359.6681807,1.0,0.9171452820301056
1629116359.676172,1.0,0.8788881778717041
1629116359.6841676,1.0,0.8405743539333344
1629116359.692186,1.0,0.8022605299949647
1629116359.7081525,1.0,0.7640034258365631
1629116359.7162247,1.0,0.7256896018981934
1629116359.724193,1.0,0.6873757779598236
1629116359.7322097,1.0,0.6491186738014222
1629116359.7401392,1.0,0.6108048498630524
1629116359.7482142,1.0,0.572547745704651
1629116359.7642272,1.0,0.5342339217662812
1629116359.8142972,1.0,0.5342339217662812
1629116359.8643553,1.0,0.5342339217662812
1629116359.9144442,1.0,0.5342339217662812
1629116359.9644973,1.0,0.5342339217662812
1629116360.0146196,1.0,0.5342339217662812
1629116360.0646899,1.0,0.5342339217662812
1629116360.1147907,1.0,0.5342339217662812
1629116360.1649013,1.0,0.5342339217662812
1629116360.2149336,1.0,0.5342339217662812
1629116360.265082,1.0,0.5342339217662812
1629116360.300208,1.0,0.6873757779598236
1629116360.3503218,1.0,0.6873757779598236
1629116360.3961983,1.0,0.7256896018981934
1629116360.4041646,1.0,0.7640034258365631
1629116360.4543076,1.0,0.7640034258365631
1629116360.5043306,1.0,0.7640034258365631
1629116360.5544746,1.0,0.7640034258365631
1629116360.604546,1.0,0.7640034258365631
1629116360.6545856,1.0,0.7640034258365631
1629116360.7047005,1.0,0.7640034258365631
1629116360.7547956,1.0,0.7640034258365631
1629116360.8048735,1.0,0.7640034258365631
1629116360.8550234,1.0,0.7640034258365631
1629116360.9051223,1.0,0.7640034258365631
1629116360.9551852,1.0,0.7640034258365631
1629116361.005266,1.0,0.7640034258365631
1629116361.0553236,1.0,0.7640034258365631
1629116361.0601754,1.0,0.6108048498630524
1629116361.0681834,1.0,0.572547745704651
1629116361.1182723,1.0,0.572547745704651
1629116361.1242456,1.0,0.5342339217662812
1629116361.1742353,1.0,0.5342339217662812
1629116361.224385,1.0,0.5342339217662812
1629116361.236201,1.0,0.4959200978279114
1629116361.2441363,1.0,0.4576629936695099
1629116361.2602174,1.0,0.41934916973114017
1629116361.3102348,1.0,0.41934916973114017
1629116361.360345,1.0,0.41934916973114017
1629116361.380193,1.0,0.36193515360355377
1629116361.4302816,1.0,0.36193515360355377
1629116361.4804523,1.0,0.36193515360355377
1629116361.5305483,1.0,0.36193515360355377
1629116361.5806394,1.0,0.36193515360355377
1629116361.6307333,1.0,0.36193515360355377
1629116361.6808274,1.0,0.36193515360355377
1629116361.730919,1.0,0.36193515360355377
1629116361.756214,1.0,0.4959200978279114
1629116361.7801836,1.0,0.5342339217662812
1629116361.7961874,1.0,0.572547745704651
1629116361.8042111,1.0,0.6108048498630524
1629116361.8442,1.0,0.6491186738014222
1629116361.860197,1.0,0.6873757779598236
1629116361.8681686,1.0,0.7256896018981934
1629116361.8762429,1.0,0.7640034258365631
1629116361.9002278,1.0,0.8022605299949647
1629116361.948232,1.0,0.8405743539333344
1629116361.99833,1.0,0.8405743539333344
1629116362.0483963,1.0,0.8405743539333344
1629116362.0984955,1.0,0.8405743539333344
1629116362.148617,1.0,0.8405743539333344
1629116362.1987069,1.0,0.8405743539333344
1629116362.2362466,1.0,0.6873757779598236
1629116362.244189,1.0,0.6491186738014222
1629116362.2521994,1.0,0.6108048498630524
1629116362.2601693,1.0,0.572547745704651
1629116362.268213,1.0,0.4959200978279114
1629116362.2761714,1.0,0.41934916973114017
1629116362.2842255,1.0,0.36193515360355377
1629116362.292143,1.0,0.28530752509832386
1629116362.3002083,1.0,0.24705038219690323
1629116362.3082182,1.0,0.20873657763004302
1629116362.3161333,1.0,0.17042277306318285
1629116362.3662534,1.0,0.17042277306318285
1629116362.4163373,1.0,0.17042277306318285
1629116362.466453,1.0,0.17042277306318285
1629116362.5165973,1.0,0.17042277306318285
1629116362.5666556,1.0,0.17042277306318285
1629116362.6168072,1.0,0.17042277306318285
1629116362.666886,1.0,0.17042277306318285
1629116362.7169945,1.0,0.17042277306318285
1629116362.7670908,1.0,0.17042277306318285
1629116362.8171782,1.0,0.17042277306318285
1629116362.8202167,1.0,0.32362132966518403
1629116362.8282013,1.0,0.36193515360355377
1629116362.8442185,1.0,0.41934916973114017
1629116362.8602142,1.0,0.4576629936695099
1629116362.8842204,1.0,0.4959200978279114
1629116362.9001672,1.0,0.5342339217662812
1629116362.9081826,1.0,0.572547745704651
1629116362.9241743,1.0,0.6108048498630524
1629116362.9721863,1.0,0.6491186738014222
1629116363.0201852,1.0,0.6873757779598236
1629116363.070276,1.0,0.6873757779598236
1629116363.1203682,1.0,0.6873757779598236
1629116363.1562455,1.0,0.5342339217662812
1629116363.1641464,1.0,0.4959200978279114
1629116363.1721754,1.0,0.41934916973114017
1629116363.1802044,1.0,0.36193515360355377
1629116363.1961727,1.0,0.32362132966518403
1629116363.2041738,1.0,0.28530752509832386
1629116363.2121735,1.0,0.24705038219690323
1629116363.220172,1.0,0.20873657763004302
1629116363.228136,1.0,0.17042277306318285
1629116363.278284,1.0,0.17042277306318285
1629116363.328338,1.0,0.17042277306318285
1629116363.3784394,1.0,0.17042277306318285
1629116363.4285097,1.0,0.17042277306318285
1629116363.4786036,1.0,0.17042277306318285
1629116363.528755,1.0,0.17042277306318285
1629116363.5788271,1.0,0.17042277306318285
1629116363.6289155,1.0,0.17042277306318285
1629116363.678982,1.0,0.17042277306318285
1629116363.7241857,1.0,0.13216563984751703
1629116363.7481859,1.0,0.09385182559490204
1629116363.7721736,1.0,0.05559469722211361
1629116363.780167,1.0,0.017280887812376022
1629116363.7961788,1.0,-0.0
1629116363.8041806,1.0,-0.0
1629116363.8121862,1.0,-0.0
1629116363.8201911,1.0,-0.0
1629116363.8702714,1.0,-0.0
1629116363.9203608,1.0,-0.0
1629116363.9704592,1.0,-0.0
1629116364.0205472,1.0,-0.0
1629116364.06819,1.0,-0.0
1629116364.1182773,1.0,-0.0
1629116364.1683726,1.0,-0.0
1629116364.2184563,1.0,-0.0
1629116364.2685368,1.0,-0.0
1629116364.318639,1.0,-0.0
1629116364.3687136,1.0,-0.0
1629116364.4188306,1.0,-0.0
1629116364.4689434,1.0,-0.0
1629116364.5190911,1.0,-0.0
1629116364.5561748,1.0,-0.0
1629116364.6063,1.0,-0.0
1629116364.6563215,1.0,-0.0
1629116364.7064795,1.0,-0.0
1629116364.756565,1.0,-0.0
1629116364.8066554,1.0,-0.0
1629116364.8568256,1.0,-0.0
1629116364.9068375,1.0,-0.0
1629116364.9569325,1.0,-0.0
1629116365.0069942,1.0,-0.0
1629116365.0571065,1.0,-0.0
1629116365.0762045,1.0,0.017280887812376022
1629116365.1263196,1.0,0.017280887812376022
1629116365.1764185,1.0,0.017280887812376022
1629116365.2265208,1.0,0.017280887812376022
1629116365.2766106,1.0,0.017280887812376022
1629116365.3266525,1.0,0.017280887812376022
1629116365.376803,1.0,0.017280887812376022
1629116365.3962002,1.0,-0.0
1629116365.4281952,1.0,-0.0
1629116365.4521878,1.0,-0.0
1629116365.4761837,1.0,-0.0
1629116365.4921896,1.0,-0.0
1629116365.5081882,1.0,-0.0
1629116365.516197,1.0,-0.0
1629116365.5242305,1.0,-0.0
1629116365.5481954,1.0,-0.0
1629116365.556181,1.0,-0.0
1629116365.5721831,1.0,-0.0
1629116365.5882056,1.0,-0.0
1629116365.638289,1.0,-0.0
1629116365.6883984,1.0,-0.0
1629116365.7384615,1.0,-0.0
1629116365.7885544,1.0,-0.0
1629116365.8386312,1.0,-0.0
1629116365.8887012,1.0,-0.0
1629116365.9388223,1.0,-0.0
1629116365.988915,1.0,-0.0
1629116366.0389729,1.0,-0.0
1629116366.0761864,1.0,-0.0
1629116366.1263328,1.0,-0.0
1629116366.1764362,1.0,-0.0
1629116366.226443,1.0,-0.0
1629116366.2765393,1.0,-0.0
1629116366.3266654,1.0,-0.0
1629116366.3322284,1.0,-0.0
1629116366.3823092,1.0,-0.0
1629116366.4323716,1.0,-0.0
1629116366.4824805,1.0,-0.0
1629116366.532583,1.0,-0.0
1629116366.540199,1.0,-0.0
1629116366.548239,1.0,-0.0
1629116366.5562415,1.0,-0.0
1629116366.5882125,1.0,-0.0
1629116366.6383247,1.0,-0.0
1629116366.668237,1.0,-0.0
1629116366.7183383,1.0,-0.0
1629116366.7684224,1.0,-0.0
1629116366.7882173,1.0,-0.0
1629116366.79619,1.0,-0.0
1629116366.8122547,1.0,-0.0
1629116366.8281908,1.0,-0.0
1629116366.836232,1.0,-0.0
1629116366.8522334,1.0,-0.0
1629116366.860226,1.0,-0.0
1629116366.8762138,1.0,-0.0
1629116366.884187,1.0,-0.0
1629116366.9162345,1.0,-0.0
1629116366.924148,1.0,-0.0
1629116366.9321454,1.0,-0.0
1629116366.9822338,1.0,-0.0
1629116367.032321,1.0,-0.0
1629116367.052197,1.0,-0.0
1629116367.092174,1.0,-0.0
1629116367.1423187,1.0,-0.0
1629116367.180197,1.0,-0.0
1629116367.1881983,1.0,-0.0
1629116367.2042246,1.0,-0.0
1629116367.212189,1.0,-0.0
1629116367.2202013,0.970615029335022,-0.0
1629116367.228194,0.970615029335022,-0.0
1629116367.2362041,0.970615029335022,-0.0
1629116367.2442133,0.970615029335022,-0.017224210407584907
1629116367.2522066,0.9411428570747375,-0.07463824711740018
1629116367.2602255,0.9117143154144287,-0.15126586109399795
1629116367.2681613,0.8822421431541443,-0.2469937011599541
1629116367.2761884,0.8822421431541443,-0.2852508440613747
1629116367.2842093,0.8527699708938599,-0.2852508440613747
1629116367.2921863,0.823341429233551,-0.30440773665905
1629116367.3001654,0.823341429233551,-0.34272156059741976
1629116367.3081956,0.7938692569732666,-0.34272156059741976
1629116367.3241916,0.7643970847129822,-0.34272156059741976
1629116367.374298,0.7643970847129822,-0.34272156059741976
1629116367.3801928,0.7643970847129822,-0.20867989659309388
1629116367.3961973,0.7643970847129822,-0.18952300399541855
1629116367.4042604,0.7643970847129822,-0.15126586109399795
1629116367.420188,0.7643970847129822,-0.11295205652713776
1629116367.428181,0.7643970847129822,-0.07463824711740018
1629116367.4441726,0.7643970847129822,-0.05553802102804184
1629116367.49429,0.7643970847129822,-0.05553802102804184
1629116367.5002291,0.7643970847129822,-0.18952300399541855
1629116367.5082164,0.7643970847129822,-0.20867989659309388
1629116367.516198,0.7643970847129822,-0.2469937011599541
1629116367.5241976,0.7643970847129822,-0.2852508440613747
1629116367.5322037,0.7349685430526733,-0.2852508440613747
1629116367.5402358,0.7349685430526733,-0.30440773665905
1629116367.5481675,0.7054963707923889,-0.34272156059741976
1629116367.5561736,0.7054963707923889,-0.38097870349884033
1629116367.572178,0.7054963707923889,-0.4001355767250061
1629116367.5802016,0.6760678291320801,-0.4001355767250061
1629116367.588191,0.6465956568717957,-0.43844940066337584
1629116367.5962105,0.6465956568717957,-0.47670654356479647
1629116367.6042306,0.6171234846115112,-0.47670654356479647
1629116367.6122603,0.6171234846115112,-0.5150203287601471
1629116367.6201646,0.6171234846115112,-0.534177240729332
1629116367.6281474,0.5876949429512024,-0.534177240729332
1629116367.636216,0.5876949429512024,-0.5724910646677017
1629116367.644253,0.558222770690918,-0.5724910646677017
1629116367.6522365,0.5287505984306335,-0.5724910646677017
1629116367.7022784,0.5287505984306335,-0.5724910646677017
1629116367.7081487,0.5287505984306335,-0.43844940066337584
1629116367.7241871,0.5287505984306335,-0.4001355767250061
1629116367.7322025,0.5287505984306335,-0.38097870349884033
1629116367.7561948,0.5287505984306335,-0.34272156059741976
1629116367.772188,0.5287505984306335,-0.30440773665905
1629116367.7802103,0.6465956568717957,-0.30440773665905
1629116367.7962153,0.6465956568717957,-0.2852508440613747
1629116367.8121939,0.6760678291320801,-0.2852508440613747
1629116367.8622868,0.6760678291320801,-0.2852508440613747
1629116367.9082017,0.558222770690918,-0.2852508440613747
1629116367.916156,0.558222770690918,-0.43844940066337584
1629116367.9242232,0.5287505984306335,-0.43844940066337584
1629116367.9743,0.5287505984306335,-0.43844940066337584
1629116368.0243897,0.5287505984306335,-0.43844940066337584
1629116368.0744863,0.5287505984306335,-0.43844940066337584
1629116368.124589,0.5287505984306335,-0.43844940066337584
1629116368.1747012,0.5287505984306335,-0.43844940066337584
1629116368.2247796,0.5287505984306335,-0.43844940066337584
1629116368.2602189,0.5287505984306335,-0.47670654356479647
1629116368.276204,0.5287505984306335,-0.5150203287601471
1629116368.2842257,0.5287505984306335,-0.534177240729332
1629116368.2921915,0.4993220567703247,-0.534177240729332
1629116368.300217,0.4993220567703247,-0.5724910646677017
1629116368.308199,0.4993220567703247,-0.6107481688261033
1629116368.316206,0.4993220567703247,-0.6299050807952881
1629116368.3481958,0.4993220567703247,-0.6682189047336579
1629116368.3982913,0.4993220567703247,-0.6682189047336579
1629116368.412187,0.4993220567703247,-0.534177240729332
1629116368.4362082,0.4993220567703247,-0.5150203287601471
1629116368.4442184,0.4993220567703247,-0.47670654356479647
1629116368.4522078,0.4993220567703247,-0.43844940066337584
1629116368.4761992,0.4993220567703247,-0.4001355767250061
1629116368.4842045,0.4993220567703247,-0.38097870349884033
1629116368.516204,0.4993220567703247,-0.34272156059741976
1629116368.5482497,0.4993220567703247,-0.30440773665905
1629116368.580184,0.4993220567703247,-0.2852508440613747
1629116368.588225,0.4698498845100403,-0.2852508440613747
1629116368.638301,0.4698498845100403,-0.2852508440613747
1629116368.688408,0.4698498845100403,-0.2852508440613747
1629116368.738483,0.4698498845100403,-0.2852508440613747
1629116368.740205,0.4698498845100403,-0.2469937011599541
1629116368.7481873,0.4698498845100403,-0.20867989659309388
1629116368.764205,0.4698498845100403,-0.18952300399541855
1629116368.772221,0.4698498845100403,-0.15126586109399795
1629116368.7802093,0.4698498845100403,-0.11295205652713776
1629116368.7882175,0.4698498845100403,-0.05553802102804184
1629116368.7962108,0.4698498845100403,-0.017224210407584907
1629116368.81222,0.4698498845100403,-0.0
1629116368.8202074,0.4698498845100403,-0.0
1629116368.8282154,0.4698498845100403,-0.0
1629116368.8361795,0.4698498845100403,-0.0
1629116368.876196,0.4698498845100403,-0.0
1629116368.926329,0.4698498845100403,-0.0
1629116368.9763815,0.4698498845100403,-0.0
1629116369.026518,0.4698498845100403,-0.0
1629116369.028195,0.4698498845100403,-0.0
1629116369.068203,0.4698498845100403,-0.0
1629116369.084218,0.4698498845100403,-0.0
1629116369.1162097,0.4698498845100403,-0.0
1629116369.1322832,0.4698498845100403,-0.0
1629116369.156236,0.4698498845100403,-0.0
1629116369.1801877,0.4698498845100403,-0.0
1629116369.1881974,0.4698498845100403,-0.0
1629116369.204215,0.4698498845100403,-0.0
1629116369.212203,0.44042134284973145,-0.0
1629116369.2282083,0.44042134284973145,-0.0
1629116369.2521765,0.44042134284973145,-0.0
1629116369.2682176,0.44042134284973145,-0.0
1629116369.2841895,0.44042134284973145,-0.0
1629116369.3343134,0.44042134284973145,-0.0
1629116369.3561945,0.410949170589447,-0.0
1629116369.406284,0.410949170589447,-0.0
1629116369.4563806,0.410949170589447,-0.0
1629116369.5064766,0.410949170589447,-0.0
1629116369.5402062,0.5287505984306335,-0.0
1629116369.556262,0.558222770690918,-0.0
1629116369.5642128,0.5876949429512024,-0.0
1629116369.5881884,0.6171234846115112,-0.0
1629116369.6202087,0.6465956568717957,-0.0
1629116369.6361835,0.6760678291320801,-0.0
1629116369.6441839,0.7054963707923889,-0.0
1629116369.684222,0.7349685430526733,-0.0
1629116369.7342782,0.7349685430526733,-0.0
1629116369.7562623,0.7643970847129822,-0.0
1629116369.772261,0.7938692569732666,-0.0
1629116369.8222635,0.7938692569732666,-0.0
1629116369.8723907,0.7938692569732666,-0.0
1629116369.8842177,0.823341429233551,-0.0
1629116369.9343593,0.823341429233551,-0.0
1629116369.9722655,0.8527699708938599,-0.0
1629116370.0042105,0.8822421431541443,-0.0
1629116370.0282176,0.9117143154144287,-0.0
1629116370.0682564,0.9411428570747375,-0.0
1629116370.0922413,0.970615029335022,-0.0
1629116370.132312,1.0,-0.0
1629116370.1823728,1.0,-0.0
1629116370.2324755,1.0,-0.0
1629116370.282569,1.0,-0.0
1629116370.3326073,1.0,-0.0
1629116370.382689,1.0,-0.0
1629116370.4327905,1.0,-0.0
1629116370.4828858,1.0,-0.0
1629116370.5329428,1.0,-0.0
1629116370.5830328,1.0,-0.0
1629116370.6332216,1.0,-0.0
1629116370.6833096,1.0,-0.0
1629116370.7333398,1.0,-0.0
1629116370.7834764,1.0,-0.0
1629116370.8335707,1.0,-0.0
1629116370.8836706,1.0,-0.0
1629116370.9337723,1.0,-0.0
1629116370.983877,1.0,-0.0
1629116371.0339892,1.0,-0.0
1629116371.0840304,1.0,-0.0
1629116371.1341538,1.0,-0.0
1629116371.1842334,1.0,-0.0
1629116371.2343056,1.0,-0.0
1629116371.2844632,1.0,-0.0
1629116371.3345308,1.0,-0.0
1629116371.384618,1.0,-0.0
1629116371.4346623,1.0,-0.0
1629116371.4442108,1.0,-0.0
1629116371.4601982,1.0,-0.0
1629116371.476175,1.0,-0.0
1629116371.4842274,1.0,-0.0
1629116371.5002446,1.0,-0.0
1629116371.508224,1.0,-0.0
1629116371.5242336,1.0,-0.0
1629116371.5402324,1.0,-0.0
1629116371.5482395,1.0,-0.0
1629116371.5722184,1.0,-0.0
1629116371.6122525,1.0,-0.0
1629116371.620199,1.0,-0.0
1629116371.6522095,1.0,-0.0
1629116371.6682136,1.0,-0.0
1629116371.6761913,1.0,0.017280887812376022
1629116371.6842182,1.0,0.05559469722211361
1629116371.7002118,1.0,0.09385182559490204
1629116371.7242336,1.0,0.13216563984751703
1629116371.740222,1.0,0.17042277306318285
1629116371.790303,1.0,0.17042277306318285
1629116371.7962148,1.0,0.20873657763004302
1629116371.8122184,1.0,0.24705038219690323
1629116371.8362076,1.0,0.28530752509832386
1629116371.8442,1.0,0.32362132966518403
1629116371.8522096,1.0,0.36193515360355377
1629116371.86821,1.0,0.41934916973114017
1629116371.8761973,1.0,0.4576629936695099
1629116371.9002168,1.0,0.4959200978279114
1629116371.9081657,1.0,0.5342339217662812
1629116371.9242165,1.0,0.572547745704651
1629116371.932207,1.0,0.6108048498630524
1629116371.948204,1.0,0.6491186738014222
1629116371.9642193,1.0,0.6873757779598236
1629116371.980193,1.0,0.7256896018981934
1629116371.9882736,1.0,0.7640034258365631
1629116372.0042348,1.0,0.8022605299949647
1629116372.0362055,1.0,0.8405743539333344
1629116372.0842128,1.0,0.8788881778717041
1629116372.1082149,1.0,0.9171452820301056
1629116372.1162484,1.0,0.9554591059684754
1629116372.1322606,1.0,0.9937162101268768
1629116372.1482205,1.0,1.0511869847774507
1629116372.1562078,1.0,1.0895007312297822
1629116372.172204,1.0,1.127757912874222
1629116372.2042384,1.0,1.1660717368125917
1629116372.2201989,1.0,1.2043288409709931
1629116372.2703207,1.0,1.2043288409709931
1629116372.3204129,1.0,1.2043288409709931
1629116372.370538,1.0,1.2043288409709931
1629116372.4206262,1.0,1.2043288409709931
1629116372.4707248,1.0,1.2043288409709931
1629116372.5207663,1.0,1.2043288409709931
1629116372.5708756,1.0,1.2043288409709931
1629116372.6208987,1.0,1.2043288409709931
1629116372.6362317,1.0,1.0511869847774507
1629116372.6442502,1.0,0.9937162101268768
1629116372.6521523,1.0,0.9554591059684754
1629116372.66023,1.0,0.9171452820301056
1629116372.6682236,1.0,0.8405743539333344
1629116372.6762161,1.0,0.8022605299949647
1629116372.6921935,1.0,0.7640034258365631
1629116372.7001598,1.0,0.7256896018981934
1629116372.70819,1.0,0.6873757779598236
1629116372.7242322,1.0,0.6491186738014222
1629116372.774281,1.0,0.6491186738014222
1629116372.824374,1.0,0.6491186738014222
1629116372.8744495,1.0,0.6491186738014222
1629116372.9245713,1.0,0.6491186738014222
1629116372.974651,1.0,0.6491186738014222
1629116373.0247512,1.0,0.6491186738014222
1629116373.0748293,1.0,0.6491186738014222
1629116373.124913,1.0,0.6491186738014222
1629116373.1750233,1.0,0.6491186738014222
1629116373.1802282,1.0,0.8022605299949647
1629116373.2282252,1.0,0.8405743539333344
1629116373.2783122,1.0,0.8405743539333344
1629116373.328438,1.0,0.8405743539333344
1629116373.3784952,1.0,0.8405743539333344
1629116373.3962228,1.0,0.8788881778717041
1629116373.4463181,1.0,0.8788881778717041
1629116373.4842496,1.0,0.9171452820301056
1629116373.4922204,1.0,0.9554591059684754
1629116373.5082207,1.0,0.9937162101268768
1629116373.5402253,1.0,1.0511869847774507
1629116373.556224,1.0,1.0895007312297822
1629116373.6063197,1.0,1.0895007312297822
1629116373.620218,1.0,1.127757912874222
1629116373.6703358,1.0,1.127757912874222
1629116373.7204747,1.0,1.127757912874222
1629116373.770554,1.0,1.127757912874222
1629116373.8206477,1.0,1.127757912874222
1629116373.8707035,1.0,1.127757912874222
1629116373.9207878,1.0,1.127757912874222
1629116373.970899,1.0,1.127757912874222
1629116374.0209873,1.0,1.127757912874222
1629116374.071079,1.0,1.127757912874222
1629116374.1211603,1.0,1.127757912874222
1629116374.1713336,1.0,1.127757912874222
1629116374.2213895,1.0,1.127757912874222
1629116374.2714522,1.0,1.127757912874222
1629116374.2842405,1.0,0.9937162101268768
1629116374.3002234,1.0,0.9554591059684754
1629116374.3162217,1.0,0.9171452820301056
1629116374.332219,1.0,0.8788881778717041
1629116374.3402324,1.0,0.8405743539333344
1629116374.3562303,1.0,0.8022605299949647
1629116374.406318,1.0,0.8022605299949647
1629116374.4564092,1.0,0.8022605299949647
1629116374.5065064,1.0,0.8022605299949647
1629116374.5566022,1.0,0.8022605299949647
1629116374.6066945,1.0,0.8022605299949647
1629116374.656757,1.0,0.8022605299949647
1629116374.7068775,1.0,0.8022605299949647
1629116374.7322094,1.0,0.7640034258365631
1629116374.7823298,1.0,0.7640034258365631
1629116374.8324165,1.0,0.7640034258365631
1629116374.8362155,1.0,0.7256896018981934
1629116374.8521812,1.0,0.6873757779598236
1629116374.902337,1.0,0.6873757779598236
1629116374.9162014,1.0,0.6491186738014222
1629116374.9662974,1.0,0.6491186738014222
1629116375.004223,1.0,0.6108048498630524
1629116375.020228,1.0,0.572547745704651
1629116375.0442007,1.0,0.5342339217662812
1629116375.0522146,1.0,0.4959200978279114
1629116375.0602436,1.0,0.4576629936695099
1629116375.0682132,1.0,0.41934916973114017
1629116375.1002421,1.0,0.36193515360355377
1629116375.1242375,1.0,0.32362132966518403
1629116375.1322443,1.0,0.28530752509832386
1629116375.140334,1.0,0.24705038219690323
1629116375.1903393,1.0,0.24705038219690323
1629116375.2404158,1.0,0.24705038219690323
1629116375.290509,1.0,0.24705038219690323
1629116375.3405778,1.0,0.24705038219690323
1629116375.390715,1.0,0.24705038219690323
1629116375.4408238,1.0,0.24705038219690323
1629116375.490908,1.0,0.24705038219690323
1629116375.5409942,1.0,0.24705038219690323
1629116375.591064,1.0,0.24705038219690323
1629116375.6411717,1.0,0.24705038219690323
1629116375.6602154,1.0,0.41934916973114017
1629116375.7103133,1.0,0.41934916973114017
1629116375.72426,1.0,0.4576629936695099
1629116375.7743015,1.0,0.4576629936695099
1629116375.7802665,1.0,0.4959200978279114
1629116375.8042443,1.0,0.5342339217662812
1629116375.8202581,1.0,0.572547745704651
1629116375.8362765,1.0,0.6108048498630524
1629116375.8762019,1.0,0.6491186738014222
1629116375.884213,1.0,0.6873757779598236
1629116375.8922539,1.0,0.7256896018981934
1629116375.9002633,1.0,0.7640034258365631
1629116375.9162455,1.0,0.8022605299949647
1629116375.940249,1.0,0.8405743539333344
1629116375.9642112,1.0,0.8788881778717041
1629116375.988224,1.0,0.9171452820301056
1629116375.996273,1.0,0.9554591059684754
1629116376.0463862,1.0,0.9554591059684754
1629116376.0964332,1.0,0.9554591059684754
1629116376.1465552,1.0,0.9554591059684754
1629116376.196663,1.0,0.9554591059684754
1629116376.244274,1.0,0.8022605299949647
1629116376.2943487,1.0,0.8022605299949647
1629116376.3082564,1.0,0.7640034258365631
1629116376.358332,1.0,0.7640034258365631
1629116376.4084325,1.0,0.7640034258365631
1629116376.4585335,1.0,0.7640034258365631
1629116376.5086405,1.0,0.7640034258365631
1629116376.5586731,1.0,0.7640034258365631
1629116376.572285,1.0,0.7256896018981934
1629116376.6223843,1.0,0.7256896018981934
1629116376.6724403,1.0,0.7256896018981934
1629116376.7225053,1.0,0.7256896018981934
1629116376.7726884,1.0,0.7256896018981934
1629116376.8227587,1.0,0.7256896018981934
1629116376.8728654,1.0,0.7256896018981934
1629116376.9230065,1.0,0.7256896018981934
1629116376.9730916,1.0,0.7256896018981934
1629116377.0202272,1.0,0.6873757779598236
1629116377.0362709,1.0,0.6491186738014222
1629116377.0682688,1.0,0.6108048498630524
1629116377.0762622,1.0,0.572547745704651
1629116377.1002307,1.0,0.5342339217662812
1629116377.1082695,1.0,0.4959200978279114
1629116377.1162038,1.0,0.4576629936695099
1629116377.124257,1.0,0.41934916973114017
1629116377.1322408,1.0,0.36193515360355377
1629116377.1482544,1.0,0.32362132966518403
1629116377.1562593,1.0,0.28530752509832386
1629116377.1642246,1.0,0.24705038219690323
1629116377.172217,1.0,0.20873657763004302
1629116377.1802564,1.0,0.17042277306318285
1629116377.1882374,1.0,0.13216563984751703
1629116377.1962228,1.0,0.09385182559490204
1629116377.2042258,1.0,0.05559469722211361
1629116377.2122333,1.0,0.017280887812376022
1629116377.2202644,1.0,-0.0
1629116377.2282681,1.0,-0.0
1629116377.2362285,1.0,-0.0
1629116377.2442484,1.0,-0.0
1629116377.2602758,1.0,-0.0
1629116377.2762265,1.0,-0.0
1629116377.3263535,1.0,-0.0
1629116377.3764217,1.0,-0.0
1629116377.4265146,1.0,-0.0
1629116377.4766207,1.0,-0.0
1629116377.5267398,1.0,-0.0
1629116377.5768101,1.0,-0.0
1629116377.6269047,1.0,-0.0
1629116377.6769955,1.0,-0.0
1629116377.7270694,1.0,-0.0
1629116377.777242,1.0,-0.0
1629116377.8273323,1.0,-0.0
1629116377.8774335,1.0,-0.0
1629116377.9162238,1.0,-0.0
1629116377.9642787,1.0,-0.0
1629116377.9802244,1.0,0.017280887812376022
1629116378.0282755,1.0,0.05559469722211361
1629116378.0783947,1.0,0.05559469722211361
1629116378.128518,1.0,0.05559469722211361
1629116378.1785464,1.0,0.05559469722211361
1629116378.2123103,1.0,0.09385182559490204
1629116378.2624004,1.0,0.09385182559490204
1629116378.3124356,1.0,0.09385182559490204
1629116378.3562813,1.0,0.13216563984751703
1629116378.3802671,1.0,0.17042277306318285
1629116378.430379,1.0,0.17042277306318285
1629116378.4362915,1.0,0.20873657763004302
1629116378.4522574,1.0,0.24705038219690323
1629116378.476225,1.0,0.28530752509832386
1629116378.4922578,1.0,0.32362132966518403
1629116378.5002627,1.0,0.36193515360355377
1629116378.5402322,1.0,0.41934916973114017
1629116378.5722656,1.0,0.4576629936695099
1629116378.6223724,1.0,0.4576629936695099
1629116378.6724725,1.0,0.4576629936695099
1629116378.722535,1.0,0.4576629936695099
1629116378.7725961,1.0,0.4576629936695099
1629116378.8227768,1.0,0.4576629936695099
1629116378.8443046,1.0,0.4959200978279114
1629116378.8922944,1.0,0.5342339217662812
1629116378.932249,1.0,0.572547745704651
1629116378.956276,1.0,0.6108048498630524
1629116379.006354,1.0,0.6108048498630524
1629116379.056451,1.0,0.6108048498630524
1629116379.1065426,1.0,0.6108048498630524
1629116379.1566665,1.0,0.6108048498630524
1629116379.20674,1.0,0.6108048498630524
1629116379.236205,1.0,0.6491186738014222
1629116379.286308,1.0,0.6491186738014222
1629116379.3363814,1.0,0.6491186738014222
1629116379.386518,1.0,0.6491186738014222
1629116379.4365895,1.0,0.6491186738014222
1629116379.486698,1.0,0.6491186738014222
1629116379.5368018,1.0,0.6491186738014222
1629116379.5868783,1.0,0.6491186738014222
1629116379.6369843,1.0,0.6491186738014222
1629116379.68705,1.0,0.6491186738014222
1629116379.7371442,1.0,0.6491186738014222
1629116379.7873263,1.0,0.6491186738014222
1629116379.8373804,1.0,0.6491186738014222
1629116379.8874886,1.0,0.6491186738014222
1629116379.9375765,1.0,0.6491186738014222
1629116379.987718,1.0,0.6491186738014222
1629116380.0377555,1.0,0.6491186738014222
1629116380.0878453,1.0,0.6491186738014222
1629116380.1379843,1.0,0.6491186738014222
1629116380.1880481,1.0,0.6491186738014222
1629116380.2381227,1.0,0.6491186738014222
1629116380.2881603,1.0,0.6491186738014222
1629116380.3383222,1.0,0.6491186738014222
1629116380.3884692,1.0,0.6491186738014222
1629116380.4385433,1.0,0.6491186738014222
1629116380.4885669,1.0,0.6491186738014222
1629116380.5386608,1.0,0.6491186738014222
1629116380.5887525,1.0,0.6491186738014222
1629116380.6388566,1.0,0.6491186738014222
1629116380.688932,1.0,0.6491186738014222
1629116380.739033,1.0,0.6491186738014222
1629116380.7891247,1.0,0.6491186738014222
1629116380.8392837,1.0,0.6491186738014222
1629116380.8893793,1.0,0.6491186738014222
1629116380.9394596,1.0,0.6491186738014222
1629116380.956216,1.0,0.4959200978279114
1629116380.9643009,1.0,0.4576629936695099
1629116380.9722974,1.0,0.41934916973114017
1629116380.996288,1.0,0.36193515360355377
1629116381.028273,1.0,0.32362132966518403
1629116381.0441418,1.0,0.28530752509832386
1629116381.0522332,1.0,0.24705038219690323
1629116381.0922737,1.0,0.20873657763004302
1629116381.1162784,1.0,0.17042277306318285
1629116381.1664271,1.0,0.17042277306318285
1629116381.216376,1.0,0.17042277306318285
1629116381.2665374,1.0,0.17042277306318285
1629116381.3166695,1.0,0.17042277306318285
1629116381.3666625,1.0,0.17042277306318285
1629116381.4168305,1.0,0.17042277306318285
1629116381.4668918,1.0,0.17042277306318285
1629116381.5169892,1.0,0.17042277306318285
1629116381.5670962,1.0,0.17042277306318285
1629116381.6171691,1.0,0.17042277306318285
1629116381.6672704,1.0,0.17042277306318285
1629116381.717343,1.0,0.17042277306318285
1629116381.7674634,1.0,0.17042277306318285
1629116381.8123007,1.0,0.32362132966518403
1629116381.8362474,1.0,0.36193515360355377
1629116381.876251,1.0,0.41934916973114017
1629116381.9263463,1.0,0.41934916973114017
1629116381.9764383,1.0,0.41934916973114017
1629116382.0265179,1.0,0.41934916973114017
1629116382.0441802,1.0,0.4576629936695099
1629116382.0942824,1.0,0.4576629936695099
1629116382.144416,1.0,0.4576629936695099
1629116382.1562402,1.0,0.4959200978279114
1629116382.188194,1.0,0.5342339217662812
1629116382.2123156,1.0,0.572547745704651
1629116382.2362497,1.0,0.6108048498630524
1629116382.286321,1.0,0.6108048498630524
1629116382.3364272,1.0,0.6108048498630524
1629116382.3864396,1.0,0.6108048498630524
1629116382.4366207,1.0,0.6108048498630524
1629116382.4866889,1.0,0.6108048498630524
1629116382.5367355,1.0,0.6108048498630524
1629116382.5868728,1.0,0.6108048498630524
1629116382.6369646,1.0,0.6108048498630524
1629116382.6870852,1.0,0.6108048498630524
1629116382.7371483,1.0,0.6108048498630524
1629116382.7872405,1.0,0.6108048498630524
1629116382.8373063,1.0,0.6108048498630524
1629116382.8874466,1.0,0.6108048498630524
1629116382.937552,1.0,0.6108048498630524
1629116382.987669,1.0,0.6108048498630524
1629116383.037636,1.0,0.6108048498630524
1629116383.0877566,1.0,0.6108048498630524
1629116383.1378434,1.0,0.6108048498630524
1629116383.1879685,1.0,0.6108048498630524
1629116383.2380211,1.0,0.6108048498630524
1629116383.276333,1.0,0.6491186738014222
1629116383.3083007,1.0,0.6873757779598236
1629116383.3402898,1.0,0.7640034258365631
1629116383.3642864,1.0,0.8022605299949647
1629116383.412306,1.0,0.8405743539333344
1629116383.4623792,1.0,0.8405743539333344
1629116383.5125055,1.0,0.8405743539333344
1629116383.5403206,1.0,0.8788881778717041
1629116383.5903282,1.0,0.8788881778717041
1629116383.6122937,1.0,0.9171452820301056
1629116383.6282864,1.0,0.9554591059684754
1629116383.6783807,1.0,0.9554591059684754
1629116383.7002952,0.970615029335022,0.9554591059684754
1629116383.7503893,0.970615029335022,0.9554591059684754
1629116383.8004823,0.970615029335022,0.9554591059684754
1629116383.850744,0.970615029335022,0.9554591059684754
1629116383.900623,0.970615029335022,0.9554591059684754
1629116383.9507813,0.970615029335022,0.9554591059684754
1629116383.9803011,0.970615029335022,0.9937162101268768
1629116384.0042555,0.970615029335022,1.0511869847774507
1629116384.0122907,0.970615029335022,1.0895007312297822
1629116384.0442975,0.9411428570747375,1.0895007312297822
1629116384.0522945,0.9411428570747375,1.127757912874222
1629116384.0922914,0.9411428570747375,1.1660717368125917
1629116384.124179,0.9117143154144287,1.1660717368125917
1629116384.1743338,0.9117143154144287,1.1660717368125917
1629116384.2243695,0.9117143154144287,1.1660717368125917
1629116384.2744915,0.9117143154144287,1.1660717368125917
1629116384.3245523,0.9117143154144287,1.1660717368125917
1629116384.3746784,0.9117143154144287,1.1660717368125917
1629116384.4247296,0.9117143154144287,1.1660717368125917
1629116384.4748356,0.9117143154144287,1.1660717368125917
1629116384.524924,0.9117143154144287,1.1660717368125917
1629116384.5562792,0.9117143154144287,0.9937162101268768
1629116384.5722728,0.9117143154144287,0.9554591059684754
1629116384.604254,0.9117143154144287,0.9171452820301056
1629116384.6442695,0.9117143154144287,0.8788881778717041
1629116384.65227,0.9117143154144287,0.8405743539333344
1629116384.6922476,0.9117143154144287,0.8022605299949647
1629116384.7423573,0.9117143154144287,0.8022605299949647
1629116384.7924528,0.9117143154144287,0.8022605299949647
1629116384.8425486,0.9117143154144287,0.8022605299949647
1629116384.8926353,0.9117143154144287,0.8022605299949647
1629116384.9427772,0.9117143154144287,0.8022605299949647
1629116384.9928782,0.9117143154144287,0.8022605299949647
1629116385.0430086,0.9117143154144287,0.8022605299949647
1629116385.0930731,0.9117143154144287,0.8022605299949647
1629116385.1431847,0.9117143154144287,0.8022605299949647
1629116385.193312,0.9117143154144287,0.8022605299949647
1629116385.2433898,0.9117143154144287,0.8022605299949647
1629116385.2934446,0.9117143154144287,0.8022605299949647
1629116385.3434944,0.9117143154144287,0.8022605299949647
1629116385.3936121,0.9117143154144287,0.8022605299949647
1629116385.4436939,0.9117143154144287,0.8022605299949647
1629116385.4937544,0.9117143154144287,0.8022605299949647
1629116385.5438557,0.9117143154144287,0.8022605299949647
1629116385.5482645,0.9117143154144287,0.9554591059684754
1629116385.580329,0.9117143154144287,0.9937162101268768
1629116385.5963223,0.9117143154144287,1.0511869847774507
1629116385.6043034,0.9117143154144287,1.0895007312297822
1629116385.6203253,0.8822421431541443,1.0895007312297822
1629116385.6283243,0.8822421431541443,1.127757912874222
1629116385.644304,0.8822421431541443,1.1660717368125917
1629116385.6603236,0.8822421431541443,1.2043288409709931
1629116385.676284,0.8822421431541443,1.242642664909363
1629116385.6922908,0.8822421431541443,1.2809564113616945
1629116385.700243,0.8527699708938599,1.2809564113616945
1629116385.7162828,0.8527699708938599,1.3
1629116385.732263,0.823341429233551,1.3
1629116385.7802703,0.7938692569732666,1.3
1629116385.8303647,0.7938692569732666,1.3
1629116385.8804739,0.7938692569732666,1.3
1629116385.9305575,0.7938692569732666,1.3
1629116385.980688,0.7938692569732666,1.3
1629116386.030802,0.7938692569732666,1.3
1629116386.0602694,0.7938692569732666,1.242642664909363
1629116386.0682697,0.7938692569732666,1.2043288409709931
1629116386.0762432,0.7938692569732666,1.1660717368125917
1629116386.0843105,0.7938692569732666,1.127757912874222
1629116386.0922496,0.7938692569732666,1.0895007312297822
1629116386.108267,0.7938692569732666,1.0511869847774507
1629116386.12435,0.7938692569732666,0.9937162101268768
1629116386.1322825,0.7938692569732666,0.9554591059684754
1629116386.1402462,0.7938692569732666,0.9171452820301056
1629116386.1562626,0.7938692569732666,0.8788881778717041
1629116386.1642745,0.7938692569732666,0.8405743539333344
1629116386.2143567,0.7938692569732666,0.8405743539333344
1629116386.2644637,0.7938692569732666,0.8405743539333344
1629116386.3145728,0.7938692569732666,0.8405743539333344
1629116386.3242624,0.7938692569732666,0.9937162101268768
1629116386.3482897,0.7938692569732666,1.0511869847774507
1629116386.3562856,0.7643970847129822,1.0511869847774507
1629116386.3643215,0.7643970847129822,1.0895007312297822
1629116386.3803353,0.7349685430526733,1.0895007312297822
1629116386.3882778,0.7349685430526733,1.127757912874222
1629116386.4042559,0.7349685430526733,1.1660717368125917
1629116386.4282773,0.7054963707923889,1.1660717368125917
1629116386.444278,0.7054963707923889,1.2043288409709931
1629116386.4943812,0.7054963707923889,1.2043288409709931
1629116386.5444825,0.7054963707923889,1.2043288409709931
1629116386.5945494,0.7054963707923889,1.2043288409709931
1629116386.6446316,0.7054963707923889,1.2043288409709931
1629116386.6947315,0.7054963707923889,1.2043288409709931
1629116386.708307,0.7054963707923889,1.0511869847774507
1629116386.7243214,0.7054963707923889,0.9937162101268768
1629116386.740307,0.7054963707923889,0.9554591059684754
1629116386.75626,0.7054963707923889,0.9171452820301056
1629116386.7723112,0.7054963707923889,0.8788881778717041
1629116386.7802765,0.7054963707923889,0.8405743539333344
1629116386.7883005,0.7054963707923889,0.8022605299949647
1629116386.8384008,0.7054963707923889,0.8022605299949647
1629116386.8884494,0.7054963707923889,0.8022605299949647
1629116386.938532,0.7054963707923889,0.8022605299949647
1629116386.9886572,0.7054963707923889,0.8022605299949647
1629116387.0387537,0.7054963707923889,0.8022605299949647
1629116387.088876,0.7054963707923889,0.8022605299949647
1629116387.1390164,0.7054963707923889,0.8022605299949647
1629116387.1802986,0.7054963707923889,0.7640034258365631
1629116387.1962507,0.7054963707923889,0.7256896018981934
1629116387.2043269,0.7054963707923889,0.6873757779598236
1629116387.2123187,0.7054963707923889,0.6491186738014222
1629116387.2282922,0.7054963707923889,0.6108048498630524
1629116387.236303,0.7054963707923889,0.572547745704651
1629116387.2603273,0.7054963707923889,0.5342339217662812
1629116387.2682703,0.7054963707923889,0.4959200978279114
1629116387.2762887,0.7054963707923889,0.4576629936695099
1629116387.29229,0.7054963707923889,0.41934916973114017
1629116387.342402,0.7054963707923889,0.41934916973114017
1629116387.3723097,0.7054963707923889,0.36193515360355377
1629116387.4042673,0.7054963707923889,0.32362132966518403
1629116387.412295,0.7054963707923889,0.28530752509832386
1629116387.420308,0.7054963707923889,0.24705038219690323
1629116387.4283106,0.7054963707923889,0.20873657763004302
1629116387.4363067,0.7054963707923889,0.17042277306318285
1629116387.4443252,0.7054963707923889,0.13216563984751703
1629116387.4523296,0.7054963707923889,0.09385182559490204
1629116387.4602776,0.7054963707923889,0.05559469722211361
1629116387.4682708,0.7054963707923889,-0.0
1629116387.4763331,0.7054963707923889,-0.0
1629116387.4843457,0.7054963707923889,-0.0
1629116387.4927921,0.7054963707923889,-0.0
1629116387.5003088,0.7054963707923889,-0.0
1629116387.5083044,0.7054963707923889,-0.0
1629116387.516297,0.7054963707923889,-0.0
1629116387.5242896,0.7054963707923889,-0.0
1629116387.5403578,0.6760678291320801,-0.0
1629116387.556348,0.6465956568717957,-0.0
1629116387.572296,0.6171234846115112,-0.0
1629116387.5883121,0.5876949429512024,-0.0
1629116387.5963004,0.558222770690918,-0.0
1629116387.604283,0.5287505984306335,-0.0
1629116387.6282907,0.4993220567703247,-0.0
1629116387.644339,0.4993220567703247,-0.0
1629116387.6523187,0.4698498845100403,-0.0
1629116387.6603758,0.4698498845100403,-0.0
1629116387.684299,0.44042134284973145,-0.0
1629116387.7163005,0.44042134284973145,-0.0
1629116387.732319,0.44042134284973145,-0.0
1629116387.7563093,0.410949170589447,-0.0
1629116387.8063748,0.410949170589447,-0.0
1629116387.8564353,0.410949170589447,-0.0
1629116387.892275,0.3814769983291626,-0.0
1629116387.9323277,0.35204845666885376,-0.0
1629116387.9823642,0.35204845666885376,-0.0
1629116388.0325303,0.35204845666885376,-0.0
1629116388.0362887,0.32257628440856934,-0.0
1629116388.0442889,0.32257628440856934,-0.0
1629116388.0762944,0.32257628440856934,-0.0
1629116388.1264534,0.32257628440856934,-0.0
1629116388.140318,0.2931041121482849,-0.0
1629116388.1872625,0.0,0.0
