time,v,omega
1627481291.3980198,0.0,0.0
1627481291.4153795,0.0,0.0
1627481291.459783,0.0,0.0
1627481291.4879985,0.0,0.0
1627481291.5353038,0.0,0.0
1627481291.577971,0.0,0.0
1627481291.6008394,0.0,0.0
1627481291.6471024,0.0,0.0
1627481291.661797,0.0,0.0
1627481291.7077374,0.0,0.0
1627481291.7441998,0.0,0.0
1627481291.7891035,0.0,0.0
1627481291.8070078,0.0,0.0
1627481291.8520775,0.0,0.0
1627481291.8967426,0.0,0.0
1627481291.9189703,0.0,0.0
1627481291.9561334,0.0,0.0
1627481292.0011976,0.0,0.0
1627481292.0144336,0.0,0.0
1627481292.0591414,0.0,0.0
1627481292.1043117,0.0,0.0
1627481292.1268635,0.0,0.0
1627481292.1637018,0.0,0.0
1627481292.2015934,0.0,0.0
1627481292.2478964,0.0,0.0
1627481292.28962,0.0,0.0
1627481292.3368194,0.0,0.0
1627481292.3788402,0.0,0.0
1627481292.4003787,0.0,0.0
1627481292.4468071,0.0,0.0
1627481292.470193,0.0,0.0
1627481292.5180519,0.0,0.0
1627481292.5615528,0.0,0.0
1627481292.5849292,0.0,0.0
1627481292.6222832,0.0,0.0
1627481292.6403792,0.0,0.0
1627481292.6894093,0.0,0.0
1627481292.7312572,0.0,0.0
1627481292.749643,0.0,0.0
1627481292.7964666,0.0,0.0
1627481292.8146346,0.0,0.0
1627481292.861696,0.0,0.0
1627481292.9036875,0.0,0.0
1627481292.9218736,0.0,0.0
1627481292.9695854,0.0,0.0
1627481292.9933417,0.0,0.0
1627481293.0414054,0.0,0.0
1627481293.084295,0.0,0.0
1627481293.0978072,0.0,0.0
1627481293.1467078,0.0,0.0
1627481293.1844795,0.0,0.0
1627481293.232429,0.0,0.0
1627481293.2766507,0.0,0.0
1627481293.2945833,0.0,0.0
1627481293.3419766,0.0,0.0
1627481293.3607476,0.0,0.0
1627481293.4338458,0.0,0.0
1627481293.4721417,0.0,0.0
1627481293.5491478,0.0,0.0
1627481293.5898504,0.0,0.0
1627481293.6671383,0.0,0.0
1627481293.691559,0.0,0.0
1627481293.741916,0.0,0.0
1627481293.7644005,0.0,0.0
1627481293.8126647,0.0,0.0
1627481293.8552485,0.0,0.0
1627481293.8689637,0.0,0.0
1627481293.9149692,0.0,0.0
1627481293.956601,0.0,0.0
1627481293.980072,0.0,0.0
1627481294.0183845,0.0,0.0
1627481294.041472,0.0,0.0
1627481294.088164,0.0,0.0
1627481294.1298354,0.0,0.0
1627481294.1484368,0.0,0.0
1627481294.1947289,0.0,0.0
1627481294.2177508,0.0,0.0
1627481294.2665534,0.0,0.0
1627481294.307492,0.0,0.0
1627481294.3253944,0.0,0.0
1627481294.3705657,0.0,0.0
1627481294.399366,0.0,0.0
1627481294.4817734,0.0,0.0
1627481294.5261147,0.0,0.0
1627481294.54437,0.0,0.0
1627481294.5914137,0.0,0.0
1627481294.605021,0.0,0.0
1627481294.6532564,0.0,0.0
1627481294.6925018,0.0,0.0
1627481294.7440586,0.0,0.0
1627481294.7879434,0.0,0.0
1627481294.8117483,0.0,0.0
1627481294.8592753,0.0,0.0
1627481294.87716,0.0,0.0
1627481294.923118,0.0,0.0
1627481294.9413273,0.0,0.0
1627481294.988433,0.0,0.0
1627481295.0346103,0.0,0.0
1627481295.0526483,0.0,0.0
1627481295.0984282,0.0,0.0
1627481295.1212783,0.0,0.0
1627481295.1677248,0.0,0.0
1627481295.2143767,0.0,0.0
1627481295.2368717,0.0,0.0
1627481295.279852,0.0,0.0
1627481295.3045132,0.0,0.0
1627481295.3526483,0.0,0.0
1627481295.4006636,0.0,0.0
1627481295.4506996,0.0,0.0
1627481295.4767268,0.0,0.0
1627481295.5246053,0.0,0.0
1627481295.5483384,0.0,0.0
1627481295.5967324,0.0,0.0
1627481295.6469882,0.0,0.0
1627481295.6679716,0.0,0.0
1627481295.7187676,0.0,0.0
1627481295.7409768,0.0,0.0
1627481295.7870636,0.0,0.0
1627481295.8388238,0.0,0.0
1627481295.8542318,0.0,0.0
1627481295.8995652,0.0,0.0
1627481295.9478781,0.0,0.0
1627481295.99631,0.0,0.0
1627481296.0148013,0.0,0.0
1627481296.0653284,0.0,0.0
1627481296.1087248,0.0,0.0
1627481296.1234283,0.0,0.0
1627481296.172678,0.0,0.0
1627481296.2125788,0.0,0.0
1627481296.2603366,0.0,0.0
1627481296.2899034,0.0,0.0
1627481296.3379545,0.0,0.0
1627481296.362184,0.0,0.0
1627481296.410345,0.0,0.0
1627481296.4537401,0.0,0.0
1627481296.4783998,0.0,0.0
1627481296.5271828,0.0,0.0
1627481296.541217,0.0,0.0
1627481296.588511,0.0,0.0
1627481296.6274755,0.0,0.0
1627481296.6743283,0.0,0.0
1627481296.713133,0.0,0.0
1627481296.7632778,0.0,0.0
1627481296.806299,0.0,0.0
1627481296.8541493,0.0,0.0
1627481296.8990257,0.0,0.0
1627481296.9275994,0.0,0.0
1627481296.9728088,0.0,0.0
1627481296.986955,0.0,0.0
1627481297.0770583,0.0,0.0
1627481297.079991,0.0,0.0
1627481297.1167762,0.0,0.0
1627481297.208843,0.0,0.0
1627481297.213325,0.0,0.0
1627481297.2215965,0.0,0.0
1627481297.246115,0.0,0.0
1627481297.3385377,0.0,0.0
1627481297.3420978,0.0,0.0
1627481297.366403,0.0,0.0
1627481297.467213,0.0,0.0
1627481297.469872,0.0,0.0
1627481297.4698937,0.0,0.0
1627481297.4944317,0.0,0.0
1627481297.6021721,0.0,0.0
1627481297.6052613,0.0,0.0
1627481297.6270492,0.0,0.0
1627481297.7350461,0.0,0.0
1627481297.7386928,0.0,0.0
1627481297.7402098,0.0,0.0
1627481297.7547655,0.0,0.0
1627481297.869874,0.0,0.0
1627481297.8735158,0.0,0.0
1627481297.8736339,0.0,0.0
1627481297.908234,0.0,0.0
1627481298.0417113,0.0,0.0
1627481298.0472484,0.0,0.0
1627481298.0472765,0.0,0.0
1627481298.0473914,0.0,0.0
1627481298.0762284,0.0,0.0
1627481298.2158163,0.0,0.0
1627481298.2205489,0.0,0.0
1627481298.2205672,0.0,0.0
1627481298.2205796,0.0,0.0
1627481298.2537162,0.0,0.0
1627481298.3869994,0.0,0.0
1627481298.3932858,0.0,0.0
1627481298.3932915,0.0,0.0
1627481298.3933146,0.0,0.0
1627481298.5457673,0.0,0.0
1627481298.5491328,0.0,0.0
1627481298.549142,0.0,0.0
1627481298.5624878,0.0,0.0
1627481298.5857306,0.0,0.0
1627481298.6461535,0.0,0.0
1627481298.6577213,0.0,0.0
1627481298.817589,0.0,0.0
1627481298.82092,0.0,0.0
1627481298.8209293,0.0,0.0
1627481298.8209498,0.0,0.0
1627481298.8531795,0.0,0.0
1627481298.9913516,0.0,0.0
1627481298.9943352,0.0,0.0
1627481298.9943447,0.0,0.0
1627481299.013543,0.0,0.0
1627481299.0279088,0.0,0.0
1627481299.1636448,0.0,0.0
1627481299.1681786,0.0,0.0
1627481299.1716383,0.0,0.0
1627481299.2976985,0.0,0.0
1627481299.300733,0.0,0.0
1627481299.311781,0.0,0.0
1627481299.3418472,0.0,0.0
1627481299.4719536,0.0,0.0
1627481299.4767675,0.0,0.0
1627481299.4767802,0.0,0.0
1627481299.506946,0.0,0.0
1627481299.6429083,0.0,0.0
1627481299.6504548,0.0,0.0
1627481299.6504626,0.0,0.0
1627481299.6779993,0.0,0.0
1627481299.814405,0.0,0.0
1627481299.8190503,0.0,0.0
1627481299.8191142,0.0,0.0
1627481299.819124,0.0,0.0
1627481299.8574262,0.0,0.0
1627481299.9867973,0.0,0.0
1627481299.9906116,0.0,0.0
1627481299.990649,0.0,0.0
1627481299.9925947,0.0,0.0
1627481300.157852,0.0,0.0
1627481300.1637194,0.0,0.0
1627481300.1637468,0.0,0.0
1627481300.1637547,0.0,0.0
1627481300.1766074,0.0,0.0
1627481300.3306441,0.0,0.0
1627481300.3339221,0.0,0.0
1627481300.3339422,0.0,0.0
1627481300.3339825,0.0,0.0
1627481300.3393435,0.0,0.0
1627481300.5035973,0.0,0.0
1627481300.5064857,0.0,0.0
1627481300.5064917,0.0,0.0
1627481300.506501,0.0,0.0
1627481300.5177205,0.0,0.0
1627481300.6390467,0.0,0.0
1627481300.6422644,0.0,0.0
1627481300.6422806,0.0,0.0
1627481300.6770003,0.0,0.0
1627481300.7759159,0.0,0.0
1627481300.7800443,0.0,0.0
1627481300.782446,0.0,0.0
1627481300.8049135,0.0,0.0
1627481300.8679366,0.0,0.0
1627481300.8703065,0.0,0.0
1627481300.9215307,0.0,0.0
1627481300.9604113,0.0,0.0
1627481301.0122998,0.0,0.0
1627481301.026365,0.0,0.0
1627481301.074338,0.0,0.0
1627481301.114485,0.0,0.0
1627481301.1641548,0.0,0.0
1627481301.1884336,0.0,0.0
1627481301.236965,0.0,0.0
1627481301.281264,0.0,0.0
1627481301.3049803,0.0,0.0
1627481301.3538668,0.0,0.0
1627481301.3679552,0.0,0.0
1627481301.4168708,0.0,0.0
1627481301.4559433,0.0,0.0
1627481301.5034778,0.0,0.0
1627481301.546587,0.0,0.0
1627481301.5650182,0.0,0.0
1627481301.6023955,0.0,0.0
1627481301.6460216,0.0,0.0
1627481301.6928377,0.0,0.0
1627481301.7168994,0.0,0.0
1627481301.7669451,0.0,0.0
1627481301.8107684,0.0,0.0
1627481301.8585315,0.0,0.0
1627481301.9018924,0.0,0.0
1627481301.920013,0.0,0.0
1627481301.9687274,0.0,0.0
1627481301.9936752,0.0,0.0
1627481302.0453067,0.0,0.0
1627481302.0920398,0.0,0.0
1627481302.1429105,0.0,0.0
1627481302.1879644,0.0,0.0
1627481302.237561,0.0,0.0
1627481302.2826898,0.0,0.0
1627481302.3065932,0.0,0.0
1627481302.356493,0.0,0.0
1627481302.3700929,0.0,0.0
1627481302.4199584,0.0,0.0
1627481302.444205,0.0,0.0
1627481302.495314,0.0,0.0
1627481302.546798,0.0,0.0
1627481302.5970538,0.0,0.0
1627481302.6212304,0.0,0.0
1627481302.6705995,0.0,0.0
1627481302.7213008,0.0,0.0
1627481302.7722192,0.0,0.0
1627481302.8234975,0.0,0.0
1627481302.872709,0.0,0.0
1627481302.896621,0.0,0.0
1627481302.9459038,0.0,0.0
1627481302.9918742,0.0,0.0
1627481303.0414805,0.0,0.0
1627481303.0607846,0.0,0.0
1627481303.1105897,0.0,0.0
1627481303.1603208,0.0,0.0
1627481303.209754,0.0,0.0
1627481303.2540317,0.0,0.0
1627481303.3024666,0.0,0.0
1627481303.350468,0.0,0.0
1627481303.3647466,0.0,0.0
1627481303.4154296,0.0,0.0
1627481303.4537046,0.0,0.0
1627481303.5022068,0.0,0.0
1627481303.5310466,0.0,0.0
1627481303.5795615,0.0,0.0
1627481303.6075892,0.0,0.0
1627481303.6554432,0.0,0.0
1627481303.6840703,0.0,0.0
1627481303.731891,0.0,0.0
1627481303.7575667,0.0,0.0
1627481303.805884,0.0,0.0
1627481303.849327,0.0,0.0
1627481303.8679738,0.0,0.0
1627481303.9167497,0.0,0.0
1627481303.9355042,0.0,0.0
1627481303.984338,0.0,0.0
1627481304.0133839,0.0,0.0
1627481304.0613072,0.0,0.0
1627481304.0848114,0.0,0.0
1627481304.1335227,0.0,0.0
1627481304.176933,0.0,0.0
1627481304.190769,0.0,0.0
1627481304.2391279,0.0,0.0
1627481304.2753894,0.0,0.0
1627481304.325214,0.0,0.0
1627481304.370221,0.0,0.0
1627481304.3894596,0.0,0.0
1627481304.4391181,0.0,0.0
1627481304.4578826,0.0,0.0
1627481304.5079074,0.0,0.0
1627481304.552526,0.0,0.0
1627481304.5711775,0.0,0.0
1627481304.6213696,0.0,0.0
1627481304.6452024,0.0,0.0
1627481304.6945553,0.0,0.0
1627481304.7396314,0.0,0.0
1627481304.760766,0.0,0.0
1627481304.812248,0.0,0.0
1627481304.82657,0.0,0.0
1627481304.8785648,0.0,0.0
1627481304.921038,0.0,0.0
1627481304.9739425,0.0,0.0
1627481305.012784,0.0,0.0
1627481305.0632534,0.0,0.0
1627481305.0949206,0.0,0.0
1627481305.1463652,0.0,0.0
1627481305.193282,0.0,0.0
1627481305.207405,0.0,0.0
1627481305.2601066,0.0,0.0
1627481305.3047523,0.0,0.0
1627481305.3240967,0.0,0.0
1627481305.3738518,0.0,0.0
1627481305.388309,0.0,0.0
1627481305.4378748,0.0,0.0
1627481305.4796834,0.0,0.0
1627481305.5296564,0.0,0.0
1627481305.5772977,0.0,0.0
1627481305.6282463,0.0,0.0
1627481305.6480513,0.0,0.0
1627481305.6978498,0.0,0.0
1627481305.7426405,0.0,0.0
1627481305.7688622,0.0,0.0
1627481305.8071246,0.0,0.0
1627481305.8308718,0.0,0.0
1627481305.8789163,0.0,0.0
1627481305.9000144,0.0,0.0
1627481305.9482443,0.0,0.0
1627481305.9981873,0.0,0.0
1627481306.0461297,0.0,0.0
1627481306.0902388,0.0,0.0
1627481306.1388857,0.0,0.0
1627481306.1623507,0.0,0.0
1627481306.2109394,0.0,0.0
1627481306.254444,0.0,0.0
1627481306.3051004,0.0,0.0
1627481306.3517232,0.0,0.0
1627481306.4013932,0.0,0.0
1627481306.4465609,0.0,0.0
1627481306.4972765,0.0,0.0
1627481306.5477085,0.0,0.0
1627481306.5970836,0.0,0.0
1627481306.621646,0.0,0.0
1627481306.671127,0.0,0.0
1627481306.7212741,0.0,0.0
1627481306.7742472,0.0,0.0
1627481306.8243618,0.0,0.0
1627481306.87585,0.0,0.0
1627481306.9266763,0.0,0.0
1627481306.9785492,0.0,0.0
1627481307.0088005,0.0,0.0
1627481307.0593636,0.0,0.0
1627481307.0884376,0.0,0.0
1627481307.1367815,0.0,0.0
1627481307.1659586,0.0,0.0
1627481307.2144253,0.0,0.0
1627481307.2581475,0.0,0.0
1627481307.3099122,0.0,0.0
1627481307.354164,0.0,0.0
1627481307.3742168,0.0,0.0
1627481307.4245753,0.0,0.0
1627481307.4522936,0.0,0.0
1627481307.4949923,0.0,0.0
1627481307.5453908,0.0,0.0
1627481307.5606654,0.0,0.0
1627481307.6108177,0.0,0.0
1627481307.6363528,0.0,0.0
1627481307.6826758,0.0,0.0
1627481307.7255647,0.0,0.0
1627481307.7766366,0.0,0.0
1627481307.8226368,0.0,0.0
1627481307.8724616,0.0,0.0
1627481307.916793,0.0,0.0
1627481307.940751,0.0,0.0
1627481307.9899418,0.0,0.0
1627481308.0038695,0.0,0.0
1627481308.0515375,0.0,0.0
1627481308.0872836,0.0,0.0
1627481308.1349418,0.0,0.0
1627481308.1782076,0.0,0.0
1627481308.197689,0.0,0.0
1627481308.247257,0.0,0.0
1627481308.2724376,0.0,0.0
1627481308.3188884,0.0,0.0
1627481308.3617432,0.0,0.0
1627481308.4101152,0.0,0.0
1627481308.4557872,0.0,0.0
1627481308.4750872,0.0,0.0
1627481308.5244455,0.0,0.0
1627481308.5436642,0.0,0.0
1627481308.5921881,0.0,0.0
1627481308.6359372,0.0,0.0
1627481308.6602974,0.0,0.0
1627481308.7067685,0.0,0.0
1627481308.7254784,0.0,0.0
1627481308.7745247,0.0,0.0
1627481308.7985022,0.0,0.0
1627481308.8461168,0.0,0.0
1627481308.8904462,0.0,0.0
1627481308.9190645,0.0,0.0
1627481308.9633472,0.0,0.0
1627481308.9772766,0.0,0.0
1627481309.0266232,0.0,0.0
1627481309.0604348,0.0,0.0
1627481309.108651,0.0,0.0
1627481309.1529422,0.0,0.0
1627481309.1766057,0.0,0.0
1627481309.2184432,0.0,0.0
1627481309.2362707,0.0,0.0
1627481309.2828038,0.0,0.0
1627481309.3060153,0.0,0.0
1627481309.352063,0.0,0.0
1627481309.3993034,0.0,0.0
1627481309.4222157,0.0,0.0
1627481309.5014653,0.0,0.0
1627481309.5321252,0.0,0.0
1627481309.5785291,0.0,0.0
1627481309.6247814,0.0,0.0
1627481309.6432176,0.0,0.0
1627481309.6896713,0.0,0.0
1627481309.717706,0.0,0.0
1627481309.7633984,0.0,0.0
1627481309.803804,0.0,0.0
1627481309.8506572,0.0,0.0
1627481309.8969083,0.0,0.0
1627481309.9446182,0.0,0.0
1627481309.9697073,0.0,0.0
1627481310.0201607,0.0,0.0
1627481310.0701234,0.0,0.0
1627481310.1187494,0.0,0.0
1627481310.1701458,0.0,0.0
1627481310.235378,0.0,0.0
1627481310.2783802,0.0,0.0
1627481310.3373241,0.0,0.0
1627481310.3557515,0.0,0.0
1627481310.4035625,0.0,0.0
1627481310.4519632,0.0,0.0
1627481310.500566,0.0,0.0
1627481310.545492,0.0,0.0
1627481310.5941882,0.0,0.0
1627481310.6440926,0.0,0.0
1627481310.6922212,0.0,0.0
1627481310.7402484,0.0,0.0
1627481310.7903152,0.0,0.0
1627481310.8366523,0.0,0.0
1627481310.8596265,0.0,0.0
1627481310.8982646,0.0,0.0
1627481310.9192007,0.0,0.0
1627481310.9667966,0.0,0.0
1627481310.993946,0.0,0.0
1627481311.0426607,0.0,0.0
1627481311.0924923,0.0,0.0
1627481311.1413093,0.0,0.0
1627481311.1905203,0.0,0.0
1627481311.2403622,0.0,0.0
1627481311.2899473,0.0,0.0
1627481311.339344,0.0,0.0
1627481311.3836362,0.0,0.0
1627481311.408856,0.0,0.0
1627481311.4577794,0.0,0.0
1627481311.4721937,0.0,0.0
1627481311.5220025,0.0,0.0
1627481311.5590298,0.0,0.0
1627481311.6089163,0.0,0.0
1627481311.6533363,0.0,0.0
1627481311.667456,0.0,0.0
1627481311.7166648,0.0,0.0
1627481311.761115,0.0,0.0
1627481311.7826662,0.0,0.0
1627481311.8270874,0.0,0.0
1627481311.8467412,0.0,0.0
1627481311.8961954,0.0,0.0
1627481311.940508,0.0,0.0
1627481311.960751,0.0,0.0
1627481312.0120044,0.0,0.0
1627481312.031807,0.0,0.0
1627481312.0829532,0.0,0.0
1627481312.1289515,0.0,0.0
1627481312.1538336,0.0,0.0
1627481312.1972837,0.0,0.0
1627481312.2113712,0.0,0.0
1627481312.2591543,0.0,0.0
1627481312.3037424,0.0,0.0
1627481312.3231008,0.0,0.0
1627481312.371195,0.0,0.0
1627481312.3954206,0.0,0.0
1627481312.4438143,0.0,0.0
1627481312.4868705,0.0,0.0
1627481312.5059936,0.0,0.0
1627481312.5534446,0.0,0.0
1627481312.5773606,0.0,0.0
1627481312.624922,0.0,0.0
1627481312.6678267,0.0,0.0
1627481312.6868758,0.0,0.0
1627481312.7348194,0.0,0.0
1627481312.7583756,0.0,0.0
1627481312.8085155,0.0,0.0
1627481312.8587441,0.0,0.0
1627481312.8710377,0.0,0.0
1627481312.9185505,0.0,0.0
1627481312.9572363,0.0,0.0
1627481313.004567,0.0,0.0
1627481313.0333085,0.0,0.0
1627481313.0802166,0.0,0.0
1627481313.1240687,0.0,0.0
1627481313.1714785,0.0,0.0
1627481313.1949089,0.0,0.0
1627481313.2425213,0.0,0.0
1627481313.2656076,0.0,0.0
1627481313.3143096,0.0,0.0
1627481313.3631823,0.0,0.0
1627481313.412288,0.0,0.0
1627481313.4545293,0.0,0.0
1627481313.5002034,0.0,0.0
1627481313.5505557,0.0,0.0
1627481313.5702455,0.0,0.0
1627481313.615314,0.0,0.0
1627481313.6342628,0.0,0.0
1627481313.6830254,0.0,0.0
1627481313.7326648,0.0,0.0
1627481313.7826402,0.0,0.0
1627481313.8311129,0.0,0.0
1627481313.8826709,0.0,0.0
1627481313.9006975,0.0,0.0
1627481313.9494793,0.0,0.0
1627481313.978864,0.0,0.0
1627481314.0276217,0.0,0.0
1627481314.077645,0.0,0.0
1627481314.1258595,0.0,0.0
1627481314.15113,0.0,0.0
1627481314.1996212,0.0,0.0
1627481314.2493691,0.0,0.0
1627481314.2995653,0.0,0.0
1627481314.3241956,0.0,0.0
1627481314.3743792,0.0,0.0
1627481314.3956716,0.0,0.0
1627481314.4439123,0.0,0.0
1627481314.4689567,0.0,0.0
1627481314.5181825,0.0,0.0
1627481314.5630975,0.0,0.0
1627481314.6120794,0.0,0.0
1627481314.6573632,0.0,0.0
1627481314.706435,0.0,0.0
1627481314.7514331,0.0,0.0
1627481314.8042114,0.0,0.0
1627481314.8529494,0.0,0.0
1627481314.901007,0.0,0.0
1627481314.926711,0.0,0.0
1627481314.9763653,0.0,0.0
1627481315.0277157,0.0,0.0
1627481315.0768552,0.0,0.0
1627481315.1242175,0.0,0.0
1627481315.1389112,0.0,0.0
1627481315.190779,0.0,0.0
1627481315.2059236,0.0,0.0
1627481315.2548885,0.0,0.0
1627481315.3008363,0.0,0.0
1627481315.3203611,0.0,0.0
1627481315.364757,0.0,0.0
1627481315.384279,0.0,0.0
1627481315.4335246,0.0,0.0
1627481315.4788716,0.0,0.0
1627481315.497793,0.0,0.0
1627481315.5424526,0.0,0.0
1627481315.5625486,0.0,0.0
1627481315.6122112,0.0,0.0
1627481315.6551993,0.0,0.0
1627481315.6746795,0.0,0.0
1627481315.717403,0.0,0.0
1627481315.7411032,0.0,0.0
1627481315.7911942,0.0,0.0
1627481315.8350248,0.0,0.0
1627481315.8589814,0.0,0.0
1627481315.907977,0.0,0.0
1627481315.924613,0.0,0.0
1627481315.991751,0.0,0.0
1627481316.0595837,0.0,0.0
1627481316.109393,0.0,0.0
1627481316.128672,0.0,0.0
1627481316.1790233,0.0,0.0
1627481316.1936278,0.0,0.0
1627481316.2453287,0.0,0.0
1627481316.297635,0.0,0.0
1627481316.3457787,0.0,0.0
1627481316.3918226,0.0,0.0
1627481316.4151857,0.0,0.0
1627481316.4660876,0.0,0.0
1627481316.4804177,0.0,0.0
1627481316.5290017,0.0,0.0
1627481316.5730379,0.0,0.0
1627481316.6246617,0.0,0.0
1627481316.6447287,0.0,0.0
1627481316.691239,0.0,0.0
1627481316.71425,0.0,0.0
1627481316.7610157,0.0,0.0
1627481316.8104408,0.0,0.0
1627481316.8250108,0.0,0.0
1627481316.8712542,0.0,0.0
1627481316.9148266,0.0,0.0
1627481316.9621847,0.0,0.0
1627481316.9812033,0.0,0.0
1627481317.0297577,0.0,0.0
1627481317.0776582,0.0,0.0
1627481317.1255867,0.0,0.0
1627481317.1737113,0.0,0.0
1627481317.2203648,0.0,0.0
1627481317.2435393,0.0,0.0
1627481317.2904565,0.0,0.0
1627481317.336946,0.0,0.0
1627481317.3568907,0.0,0.0
1627481317.4039311,0.0,0.0
1627481317.428349,0.0,0.0
1627481317.4774973,0.0,0.0
1627481317.519885,0.0,0.0
1627481317.5334997,0.0,0.0
1627481317.580097,0.0,0.0
1627481317.6228647,0.0,0.0
1627481317.6476443,0.0,0.0
1627481317.6907458,0.0,0.0
1627481317.7045214,0.0,0.0
1627481317.7516038,0.0,0.0
1627481317.7927427,0.0,0.0
1627481317.8171213,0.0,0.0
1627481317.8611727,0.0,0.0
1627481317.8839703,0.0,0.0
1627481317.9328117,0.0,0.0
1627481317.9812906,0.0,0.0
1627481317.9995987,0.0,0.0
1627481318.0474198,0.0,0.0
1627481318.0655482,0.0,0.0
1627481318.1122193,0.0,0.0
1627481318.1606252,0.0,0.0
1627481318.1742165,0.0,0.0
1627481318.222385,0.0,0.0
1627481318.2695804,0.0,0.0
1627481318.2859657,0.0,0.0
1627481318.3296072,0.0,0.0
1627481318.3530982,0.0,0.0
1627481318.400185,0.0,0.0
1627481318.4443274,0.0,0.0
1627481318.4627104,0.0,0.0
1627481318.5094128,0.0,0.0
1627481318.5325818,0.0,0.0
1627481318.5802836,0.0,0.0
1627481318.6281843,0.0,0.0
1627481318.6422188,0.0,0.0
1627481318.6894636,0.0,0.0
1627481318.7365422,0.0,0.0
1627481318.75031,0.0,0.0
1627481318.7994225,0.0,0.0
1627481318.8357844,0.0,0.0
1627481318.8831105,0.0,0.0
1627481318.9298246,0.0,0.0
1627481318.9434998,0.0,0.0
1627481318.9904149,0.0,0.0
1627481319.0347893,0.0,0.0
1627481319.0833097,0.0,0.0
1627481319.1018553,0.0,0.0
1627481319.1500442,0.0,0.0
1627481319.1928246,0.0,0.0
1627481319.2113526,0.0,0.0
1627481319.2577279,0.0,0.0
1627481319.3050067,0.0,0.0
1627481319.3529148,0.0,0.0
1627481319.3958297,0.0,0.0
1627481319.4094326,0.0,0.0
1627481319.457934,0.0,0.0
1627481319.500668,0.0,0.0
1627481319.5200837,0.0,0.0
1627481319.5694416,0.0,0.0
1627481319.6132898,0.0,0.0
1627481319.6612804,0.0,0.0
1627481319.7035637,0.0,0.0
1627481319.7510557,0.0,0.0
1627481319.800896,0.0,0.0
1627481319.8486001,0.0,0.0
1627481319.8942509,0.0,0.0
1627481319.9188435,0.0,0.0
1627481319.9639077,0.0,0.0
1627481319.9782627,0.0,0.0
1627481320.027729,0.0,0.0
1627481320.069093,0.0,0.0
1627481320.116514,0.0,0.0
1627481320.1453612,0.0,0.0
1627481320.1944509,0.0,0.0
1627481320.2353384,0.0,0.0
1627481320.2848856,0.0,0.0
1627481320.3139906,0.0,0.0
1627481320.3611262,0.0,0.0
1627481320.4008987,0.0,0.0
1627481320.4486527,0.0,0.0
1627481320.491417,0.0,0.0
1627481320.5410903,0.0,0.0
1627481320.59066,0.0,0.0
1627481320.6410315,0.0,0.0
1627481320.6633635,0.0,0.0
1627481320.7119823,0.0,0.0
1627481320.760123,0.0,0.0
1627481320.8104637,0.0,0.0
1627481320.8588855,0.0,0.0
1627481320.9064019,0.0,0.0
1627481320.9560254,0.0,0.0
1627481321.0039513,0.0,0.0
1627481321.0445096,0.0,0.0
1627481321.0931733,0.0,0.0
1627481321.139665,0.0,0.0
1627481321.1594439,0.0,0.0
1627481321.2031286,0.0,0.0
1627481321.2223115,0.0,0.0
1627481321.272082,0.0,0.0
1627481321.314517,0.0,0.0
1627481321.3285084,0.0,0.0
1627481321.3759563,0.0,0.0
1627481321.4138145,0.0,0.0
1627481321.438577,0.0,0.0
1627481321.4808803,0.0,0.0
1627481321.50414,0.0,0.0
1627481321.552597,0.0,0.0
1627481321.5955355,0.0,0.0
1627481321.6139898,0.0,0.0
1627481321.6570203,0.0,0.0
1627481321.6758974,0.0,0.0
1627481321.7234182,0.0,0.0
1627481321.7678857,0.0,0.0
1627481321.8161118,0.0,0.0
1627481321.8585184,0.0,0.0
1627481321.9054182,0.0,0.0
1627481321.9534898,0.0,0.0
1627481322.00165,0.0,0.0
1627481322.0255196,0.0,0.0
1627481322.0747547,0.0,0.0
1627481322.1164603,0.0,0.0
1627481322.1349409,0.0,0.0
1627481322.1831262,0.0,0.0
1627481322.2068286,0.0,0.0
1627481322.2549913,0.0,0.0
1627481322.2998085,0.0,0.0
1627481322.3241005,0.0,0.0
1627481322.3682888,0.0,0.0
1627481322.3874042,0.0,0.0
1627481322.4359767,0.0,0.0
1627481322.4601417,0.0,0.0
1627481322.509346,0.0,0.0
1627481322.5534437,0.0,0.0
1627481322.5673614,0.0,0.0
1627481322.615754,0.0,0.0
1627481322.6531134,0.0,0.0
1627481322.702095,0.0,0.0
1627481322.7513344,0.0,0.0
1627481322.7650669,0.0,0.0
1627481322.816239,0.0,0.0
1627481322.861078,0.0,0.0
1627481322.9097505,0.0,0.0
1627481322.9288592,0.0,0.0
1627481322.977542,0.0,0.0
1627481323.0012374,0.0,0.0
1627481323.0513027,0.0,0.0
1627481323.0947802,0.0,0.0
1627481323.1137824,0.0,0.0
1627481323.1626143,0.0,0.0
1627481323.1868014,0.0,0.0
1627481323.2359703,0.0,0.0
1627481323.2811608,0.0,0.0
1627481323.3318555,0.0,0.0
1627481323.3771956,0.0,0.0
1627481323.427913,0.0,0.0
1627481323.4747984,0.0,0.0
1627481323.52457,0.0,0.0
1627481323.56918,0.0,0.0
1627481323.588025,0.0,0.0
1627481323.6319711,0.0,0.0
1627481323.6466033,0.0,0.0
1627481323.6946366,0.0,0.0
1627481323.7392943,0.0,0.0
1627481323.763078,0.0,0.0
1627481323.8101969,0.0,0.0
1627481323.8253818,0.0,0.0
1627481323.8747783,0.0,0.0
1627481323.911444,0.0,0.0
1627481323.9605842,0.0,0.0
1627481324.0043657,0.0,0.0
1627481324.02376,0.0,0.0
1627481324.0733225,0.0,0.0
1627481324.0972745,0.0,0.0
1627481324.1461456,0.0,0.0
1627481324.1953702,0.0,0.0
1627481324.2442758,0.0,0.0
1627481324.2842076,0.0,0.0
1627481324.3080812,0.0,0.0
1627481324.3570678,0.0,0.0
1627481324.3715005,0.0,0.0
1627481324.420219,0.0,0.0
1627481324.464595,0.0,0.0
1627481324.5140939,0.0,0.0
1627481324.5292022,0.0,0.0
1627481324.577726,0.0,0.0
1627481324.6126585,0.0,0.0
1627481324.6619205,0.0,0.0
1627481324.7062113,0.0,0.0
1627481324.719965,0.0,0.0
1627481324.7691476,0.0,0.0
1627481324.8061547,0.0,0.0
1627481324.8571851,0.0,0.0
1627481324.9016721,0.0,0.0
1627481324.9239955,0.0,0.0
1627481324.969416,0.0,0.0
1627481324.9836822,0.0,0.0
1627481325.031647,0.0,0.0
1627481325.0636039,0.0,0.0
1627481325.1112618,0.0,0.0
1627481325.1550756,0.0,0.0
1627481325.1744604,0.0,0.0
1627481325.2246165,0.0,0.0
1627481325.2783492,0.0,0.0
1627481325.3485658,0.0,0.0
1627481325.3683774,0.0,0.0
1627481325.416838,0.0,0.0
1627481325.441758,0.0,0.0
1627481325.4942183,0.0,0.0
1627481325.5397038,0.0,0.0
1627481325.5914426,0.0,0.0
1627481325.6418555,0.0,0.0
1627481325.693692,0.0,0.0
1627481325.7392066,0.0,0.0
1627481325.7584922,0.0,0.0
1627481325.7974932,0.0,0.0
1627481325.817043,0.0,0.0
1627481325.86949,0.0,0.0
1627481325.8937514,0.0,0.0
1627481325.9428573,0.0,0.0
1627481325.9835079,0.0,0.0
1627481326.0096226,0.0,0.0
1627481326.055178,0.0,0.0
1627481326.0750935,0.0,0.0
1627481326.1238027,0.0,0.0
1627481326.1485422,0.0,0.0
1627481326.1970878,0.0,0.0
1627481326.2370117,0.0,0.0
1627481326.2614207,0.0,0.0
1627481326.3022888,0.0,0.0
1627481326.3217683,0.0,0.0
1627481326.3720531,0.0,0.0
1627481326.4131868,0.0,0.0
1627481326.4325995,0.0,0.0
1627481326.4837985,0.0,0.0
1627481326.503373,0.0,0.0
1627481326.5533783,0.0,0.0
1627481326.594137,0.0,0.0
1627481326.618015,0.0,0.0
1627481326.6688988,0.0,0.0
1627481326.6891093,0.0,0.0
1627481326.740463,0.0,0.0
1627481326.759965,0.0,0.0
1627481326.8023732,0.0,0.0
1627481326.8375046,0.0,0.0
1627481326.8889267,0.0,0.0
1627481326.9299088,0.0,0.0
1627481326.943195,0.0,0.0
1627481326.9898794,0.0,0.0
1627481327.024663,0.0,0.0
1627481327.0748923,0.0,0.0
1627481327.1189144,0.0,0.0
1627481327.1329393,0.0,0.0
1627481327.180268,0.0,0.0
1627481327.2246282,0.0,0.0
1627481327.2746801,0.0,0.0
1627481327.2998142,0.0,0.0
1627481327.3498008,0.0,0.0
1627481327.3695908,0.0,0.0
1627481327.4204633,0.0,0.0
1627481327.452827,0.0,0.0
1627481327.5405037,0.0,0.0
1627481327.5871215,0.0,0.0
1627481327.640736,0.0,0.0
1627481327.6885204,0.0,0.0
1627481327.738517,0.0,0.0
1627481327.7648883,0.0,0.0
1627481327.8150053,0.0,0.0
1627481327.8402865,0.0,0.0
1627481327.894378,0.0,0.0
1627481327.9200432,0.0,0.0
1627481327.9709218,0.0,0.0
1627481327.9966118,0.0,0.0
1627481328.046671,0.0,0.0
1627481328.0655844,0.0,0.0
1627481328.1165855,0.0,0.0
1627481328.1574936,0.0,0.0
1627481328.1764596,0.0,0.0
1627481328.2148712,0.0,0.0
1627481328.260419,0.0,0.0
1627481328.309174,0.0,0.0
1627481328.332685,0.0,0.0
1627481328.382741,0.0,0.0
1627481328.403777,0.0,0.0
1627481328.453991,0.0,0.0
1627481328.4841397,0.0,0.0
1627481328.5376406,0.0,0.0
1627481328.5573356,0.0,0.0
1627481328.6090925,0.0,0.0
1627481328.6346946,0.0,0.0
1627481328.6855414,0.0,0.0
1627481328.731463,0.0,0.0
1627481328.7803242,0.0,0.0
1627481328.8242416,0.0,0.0
1627481328.875109,0.0,0.0
1627481328.914914,0.0,0.0
1627481328.93917,0.0,0.0
1627481329.0053728,0.0,0.0
1627481329.0378685,0.0,0.0
1627481329.0910594,0.0,0.0
1627481329.1143389,0.0,0.0
1627481329.1621428,0.0,0.0
1627481329.1859503,0.0,0.0
1627481329.2337406,0.0,0.0
1627481329.2524977,0.0,0.0
1627481329.301652,0.0,0.0
1627481329.3450685,0.0,0.0
1627481329.3585284,0.0,0.0
1627481329.4062705,0.0,0.0
1627481329.444732,0.0,0.0
1627481329.4681563,0.0,0.0
1627481329.5068157,0.0,0.0
1627481329.5309122,0.0,0.0
1627481329.5783467,0.0,0.0
1627481329.618426,0.0,0.0
1627481329.6369722,0.0,0.0
1627481329.6856444,0.0,0.0
1627481329.7259953,0.0,0.0
1627481329.745155,0.0,0.0
1627481329.793634,0.0,0.0
1627481329.8225296,0.0,0.0
1627481329.8725522,0.0,0.0
1627481329.912286,0.0,0.0
1627481329.9605317,0.0,0.0
1627481330.0009656,0.0,0.0
1627481330.0263927,0.0,0.0
1627481330.0780282,0.0,0.0
1627481330.0967798,0.0,0.0
1627481330.1445658,0.0,0.0
1627481330.1681695,0.0,0.0
1627481330.216522,0.0,0.0
1627481330.2599025,0.0,0.0
1627481330.2743933,0.0,0.0
1627481330.3223104,0.0,0.0
1627481330.3652675,0.0,0.0
1627481330.3839965,0.0,0.0
1627481330.4317818,0.0,0.0
1627481330.450647,0.0,0.0
1627481330.4985135,0.0,0.0
1627481330.5416727,0.0,0.0
1627481330.5555885,0.0,0.0
1627481330.6027114,0.0,0.0
1627481330.6382856,0.0,0.0
1627481330.6857865,0.0,0.0
1627481330.7286298,0.0,0.0
1627481330.75243,0.0,0.0
1627481330.7957273,0.0,0.0
1627481330.8142803,0.0,0.0
1627481330.8643358,0.0,0.0
1627481330.9085858,0.0,0.0
1627481330.9271865,0.0,0.0
1627481330.97498,0.0,0.0
1627481330.9888916,0.0,0.0
1627481331.0386877,0.0,0.0
1627481331.0820966,0.0,0.0
1627481331.1008606,0.0,0.0
1627481331.1484463,0.0,0.0
1627481331.1728468,0.0,0.0
1627481331.2204828,0.0,0.0
1627481331.2629397,0.0,0.0
1627481331.3117507,0.0,0.0
1627481331.3547666,0.0,0.0
1627481331.4022024,0.0,0.0
1627481331.4452477,0.0,0.0
1627481331.4638736,0.0,0.0
1627481331.511786,0.0,0.0
1627481331.530497,0.0,0.0
1627481331.578432,0.0,0.0
1627481331.6210394,0.0,0.0
1627481331.6347165,0.0,0.0
1627481331.6826496,0.0,0.0
1627481331.7262692,0.0,0.0
1627481331.7449265,0.0,0.0
1627481331.7890685,0.0,0.0
1627481331.8134646,0.0,0.0
1627481331.8610852,0.0,0.0
1627481331.9078233,0.0,0.0
1627481331.927917,0.0,0.0
1627481331.9671242,0.0,0.0
1627481331.9910004,0.0,0.0
1627481332.0413764,0.0,0.0
1627481332.086584,0.0,0.0
1627481332.105697,0.0,0.0
1627481332.1494567,0.0,0.0
1627481332.1678948,0.0,0.0
1627481332.214978,0.0,0.0
1627481332.2578626,0.0,0.0
1627481332.2816188,0.0,0.0
1627481332.324104,0.0,0.0
1627481332.3426373,0.0,0.0
1627481332.389811,0.0,0.0
1627481332.4323726,0.0,0.0
