time,v,omega
1629116867.9447773,0.0,0.0
1629116867.963539,0.0,0.0
1629116868.0112674,0.0,0.0
1629116868.042501,0.0,0.0
1629116868.0950408,0.0,0.0
1629116868.1458898,0.0,0.0
1629116868.1953676,0.0,0.0
1629116868.2489114,0.0,0.0
1629116868.3158543,0.0,0.0
1629116868.3230128,0.0,0.0
1629116868.3697267,0.0,0.0
1629116868.4077117,0.0,0.0
1629116868.458842,0.0,0.0
1629116868.5173528,0.0,0.0
1629116868.5669374,0.0,0.0
1629116868.614519,0.0,0.0
1629116868.6315863,0.0,0.0
1629116868.6789465,0.0,0.0
1629116868.6973813,0.0,0.0
1629116868.7434993,0.0,0.0
1629116868.7889278,0.0,0.0
1629116868.8053133,0.0,0.0
1629116868.8476527,0.0,0.0
1629116868.874516,0.0,0.0
1629116868.9272313,0.0,0.0
1629116868.9744523,0.0,0.0
1629116868.989703,0.0,0.0
1629116869.03989,0.0,0.0
1629116869.0651808,0.0,0.0
1629116869.116674,0.0,0.0
1629116869.1597433,0.0,0.0
1629116869.1801567,0.0,0.0
1629116869.2248347,0.0,0.0
1629116869.2436514,0.0,0.0
1629116869.2967126,0.0,0.0
1629116869.3440964,0.0,0.0
1629116869.3588889,0.0,0.0
1629116869.4137788,0.0,0.0
1629116869.432049,0.0,0.0
1629116869.4806228,0.0,0.0
1629116869.50859,0.0,0.0
1629116869.5641959,0.0,0.0
1629116869.6106093,0.0,0.0
1629116869.6593976,0.0,0.0
1629116869.7035604,0.0,0.0
1629116869.7250059,0.0,0.0
1629116869.7683778,0.0,0.0
1629116869.7882214,0.0,0.0
1629116869.8363376,0.0,0.0
1629116869.8807642,0.0,0.0
1629116869.9008865,0.0,0.0
1629116869.9443548,0.0,0.0
1629116869.9635742,0.0,0.0
1629116870.0121377,0.0,0.0
1629116870.0415926,0.0,0.0
1629116870.089714,0.0,0.0
1629116870.1191542,0.0,0.0
1629116870.1676,0.0,0.0
1629116870.1983023,0.0,0.0
1629116870.2465067,0.0,0.0
1629116870.2704828,0.0,0.0
1629116870.3184004,0.0,0.0
1629116870.3619578,0.0,0.0
1629116870.3834386,0.0,0.0
1629116870.4323785,0.0,0.0
1629116870.4532225,0.0,0.0
1629116870.5055432,0.0,0.0
1629116870.553622,0.0,0.0
1629116870.568901,0.0,0.0
1629116870.619284,0.0,0.0
1629116870.6351688,0.0,0.0
1629116870.6840808,0.0,0.0
1629116870.7251897,0.0,0.0
1629116870.7762973,0.0,0.0
1629116870.822575,0.0,0.0
1629116870.8727732,0.0,0.0
1629116870.9178977,0.0,0.0
1629116870.9348357,0.0,0.0
1629116870.9838011,0.0,0.0
1629116871.0027575,0.0,0.0
1629116871.0569165,0.0,0.0
1629116871.1098824,0.0,0.0
1629116871.1276157,0.0,0.0
1629116871.1767747,0.0,0.0
1629116871.1928637,0.0,0.0
1629116871.2454333,0.0,0.0
1629116871.2923653,0.0,0.0
1629116871.3084655,0.0,0.0
1629116871.3594236,0.0,0.0
1629116871.3754883,0.0,0.0
1629116871.429131,0.0,0.0
1629116871.48713,0.0,0.0
1629116871.5691156,0.0,0.0
1629116871.6091502,0.0,0.0
1629116871.659362,0.0,0.0
1629116871.706375,0.0,0.0
1629116871.7571726,0.0,0.0
1629116871.8068,0.0,0.0
1629116871.8232827,0.0,0.0
1629116871.874428,0.0,0.0
1629116871.8933191,0.0,0.0
1629116871.941774,0.0,0.0
1629116871.986869,0.0,0.0
1629116872.0016677,0.0,0.0
1629116872.0498745,0.0,0.0
1629116872.0941374,0.0,0.0
1629116872.1149044,0.0,0.0
1629116872.160348,0.0,0.0
1629116872.1802514,0.0,0.0
1629116872.2316697,0.0,0.0
1629116872.291111,0.0,0.0
1629116872.3684967,0.0,0.0
1629116872.409245,0.0,0.0
1629116872.4606934,0.0,0.0
1629116872.5049741,0.0,0.0
1629116872.5550668,0.0,0.0
1629116872.6034703,0.0,0.0
1629116872.622666,0.0,0.0
1629116872.6777668,0.0,0.0
1629116872.7075021,0.0,0.0
1629116872.7832365,0.0,0.0
1629116872.786517,0.0,0.0
1629116872.8345242,0.0,0.0
1629116872.8752282,0.0,0.0
1629116872.9218297,0.0,0.0
1629116872.972058,0.0,0.0
1629116872.9874082,0.0,0.0
1629116873.0384452,0.0,0.0
1629116873.0542033,0.0,0.0
1629116873.139935,0.0,0.0
1629116873.2001944,0.0,0.0
1629116873.2540796,0.0,0.0
1629116873.3021402,0.0,0.0
1629116873.318856,0.0,0.0
1629116873.3719754,0.0,0.0
1629116873.3869998,0.0,0.0
1629116873.4398792,0.0,0.0
1629116873.4835875,0.0,0.0
1629116873.5351706,0.0,0.0
1629116873.5777507,0.0,0.0
1629116873.593403,0.0,0.0
1629116873.641746,0.0,0.0
1629116873.6827383,0.0,0.0
1629116873.730931,0.0,0.0
1629116873.7554016,0.0,0.0
1629116873.8049333,0.0,0.0
1629116873.8503363,0.0,0.0
1629116873.8706872,0.0,0.0
1629116873.916964,0.0,0.0
1629116873.93711,0.0,0.0
1629116873.9856648,0.0,0.0
1629116874.0317538,0.0,0.0
1629116874.0800028,0.0,0.0
1629116874.1260023,0.0,0.0
1629116874.1466196,0.0,0.0
1629116874.1903896,0.0,0.0
1629116874.2105143,0.0,0.0
1629116874.2601776,0.0,0.0
1629116874.3038754,0.0,0.0
1629116874.3541856,0.0,0.0
1629116874.397404,0.0,0.0
1629116874.4131773,0.0,0.0
1629116874.4650977,0.0,0.0
1629116874.5068662,0.0,0.0
1629116874.5589063,0.0,0.0
1629116874.6011941,0.0,0.0
1629116874.6167085,0.0,0.0
1629116874.6660802,0.0,0.0
1629116874.6864002,0.0,0.0
1629116874.7394903,0.0,0.0
1629116874.7837598,0.0,0.0
1629116874.8324993,0.0,0.0
1629116874.877405,0.0,0.0
1629116874.897236,0.0,0.0
1629116874.943557,0.0,0.0
1629116874.9628541,0.0,0.0
1629116875.012504,0.0,0.0
1629116875.058615,0.0,0.0
1629116875.107398,0.0,0.0
1629116875.1531794,0.0,0.0
1629116875.166994,0.0,0.0
1629116875.215799,0.0,0.0
1629116875.260086,0.0,0.0
1629116875.2801874,0.0,0.0
1629116875.3258371,0.0,0.0
1629116875.3510044,0.0,0.0
1629116875.3993948,0.0,0.0
1629116875.4450698,0.0,0.0
1629116875.4942787,0.0,0.0
1629116875.5411282,0.0,0.0
1629116875.5627797,0.0,0.0
1629116875.6031387,0.0,0.0
1629116875.630911,0.0,0.0
1629116875.6863637,0.0,0.0
1629116875.7338421,0.0,0.0
1629116875.7876322,0.0,0.0
1629116875.8316615,0.0,0.0
1629116875.847848,0.0,0.0
1629116875.9021816,0.0,0.0
1629116875.9247925,0.0,0.0
1629116875.9723737,0.0,0.0
1629116876.0529394,0.0,0.0
1629116876.1154666,0.0,0.0
1629116876.1359708,0.0,0.0
1629116876.1849222,0.0,0.0
1629116876.209119,0.0,0.0
1629116876.2535882,0.0,0.0
1629116876.300581,0.0,0.0
1629116876.3187375,0.0,0.0
1629116876.3626974,0.0,0.0
1629116876.408529,0.0,0.0
1629116876.4592352,0.0,0.0
1629116876.4844112,0.0,0.0
1629116876.5319097,0.0,0.0
1629116876.556718,0.0,0.0
1629116876.6082098,0.0,0.0
1629116876.6279156,0.0,0.0
1629116876.677403,0.0,0.0
1629116876.71652,0.0,0.0
1629116876.7415228,0.0,0.0
1629116876.7809467,0.0,0.0
1629116876.8061087,0.0,0.0
1629116876.8555677,0.0,0.0
1629116876.895546,0.0,0.0
1629116876.920238,0.0,0.0
1629116876.9647458,0.0,0.0
1629116876.9862309,0.0,0.0
1629116877.0384018,0.0,0.0
1629116877.084658,0.0,0.0
1629116877.13264,0.0,0.0
1629116877.1772203,0.0,0.0
1629116877.1954002,0.0,0.0
1629116877.2432597,0.0,0.0
1629116877.2826872,0.0,0.0
1629116877.331918,0.0,0.0
1629116877.346552,0.0,0.0
1629116877.3982449,0.0,0.0
1629116877.445814,0.0,0.0
1629116877.4649801,0.0,0.0
1629116877.510148,0.0,0.0
1629116877.5255165,0.0,0.0
1629116877.57268,0.0,0.0
1629116877.6111147,0.0,0.0
1629116877.6596243,0.0,0.0
1629116877.7043562,0.0,0.0
1629116877.7195463,0.0,0.0
1629116877.768323,0.0,0.0
1629116877.8080587,0.0,0.0
1629116877.857483,0.0,0.0
1629116877.9056108,0.0,0.0
1629116877.9586859,0.0,0.0
1629116878.0054286,0.0,0.0
1629116878.0214686,0.0,0.0
1629116878.0711443,0.0,0.0
1629116878.0870872,0.0,0.0
1629116878.1429288,0.0,0.0
1629116878.1862137,0.0,0.0
1629116878.2369792,0.0,0.0
1629116878.2809403,0.0,0.0
1629116878.3015382,0.0,0.0
1629116878.3500214,0.0,0.0
1629116878.3707747,0.0,0.0
1629116878.4214563,0.0,0.0
1629116878.472448,0.0,0.0
1629116878.5248523,0.0,0.0
1629116878.570099,0.0,0.0
1629116878.622048,0.0,0.0
1629116878.654951,0.0,0.0
1629116878.7001572,0.0,0.0
1629116878.724268,0.0,0.0
1629116878.7723095,0.0,0.0
1629116878.8167355,0.0,0.0
1629116878.8311927,0.0,0.0
1629116878.878937,0.0,0.0
1629116878.9278257,0.0,0.0
1629116879.0083444,0.0,0.0
1629116879.047371,0.0,0.0
1629116879.0947826,0.0,0.0
1629116879.1383014,0.0,0.0
1629116879.1858284,0.0,0.0
1629116879.2278974,0.0,0.0
1629116879.2437255,0.0,0.0
1629116879.290353,0.0,0.0
1629116879.3349876,0.0,0.0
1629116879.3529093,0.0,0.0
1629116879.401295,0.0,0.0
1629116879.4160933,0.0,0.0
1629116879.4642239,0.0,0.0
1629116879.512039,0.0,0.0
1629116879.5270908,0.0,0.0
1629116879.5704327,0.0,0.0
1629116879.613677,0.0,0.0
1629116879.6339967,0.0,0.0
1629116879.6789136,0.0,0.0
1629116879.7260003,0.0,0.0
1629116879.7426426,0.0,0.0
1629116879.7856786,0.0,0.0
1629116879.828629,0.0,0.0
1629116879.8483396,0.0,0.0
1629116879.8960197,0.0,0.0
1629116879.9157212,0.0,0.0
1629116879.958776,0.0,0.0
1629116880.0024736,0.0,0.0
1629116880.0244823,0.0,0.0
1629116880.067795,0.0,0.0
1629116880.1102378,0.0,0.0
1629116880.129268,0.0,0.0
1629116880.1771576,0.0,0.0
1629116880.2154217,0.0,0.0
1629116880.2399404,0.0,0.0
1629116880.2878695,0.0,0.0
1629116880.3038743,0.0,0.0
1629116880.3519402,0.0,0.0
1629116880.3903968,0.0,0.0
1629116880.415389,0.0,0.0
1629116880.4566648,0.0,0.0
1629116880.4809656,0.0,0.0
1629116880.5234866,0.0,0.0
1629116880.5717652,0.0,0.0
1629116880.5893323,0.0,0.0
1629116880.6347957,0.0,0.0
1629116880.6745796,0.0,0.0
1629116880.6959524,0.0,0.0
1629116880.7465873,0.0,0.0
1629116880.7679267,0.0,0.0
1629116880.8185961,0.0,0.0
1629116880.8645315,0.0,0.0
1629116880.8845842,0.0,0.0
1629116880.927871,0.0,0.0
1629116880.9475229,0.0,0.0
1629116880.9974902,0.0,0.0
1629116881.0439696,0.0,0.0
1629116881.0611084,0.0,0.0
1629116881.1124654,0.0,0.0
1629116881.1546254,0.0,0.0
1629116881.2052236,0.0,0.0
1629116881.229687,0.0,0.0
1629116881.280677,0.0,0.0
1629116881.3253365,0.0,0.0
1629116881.3450456,0.0,0.0
1629116881.390702,0.0,0.0
1629116881.4108732,0.0,0.0
1629116881.4614544,0.0,0.0
1629116881.5049353,0.0,0.0
1629116881.5225792,0.0,0.0
1629116881.5743287,0.0,0.0
1629116881.6179922,0.0,0.0
1629116881.67175,0.0,0.0
1629116881.702647,0.0,0.0
1629116881.7536216,0.0,0.0
1629116881.7863512,0.0,0.0
1629116881.8461075,0.0,0.0
1629116881.8999536,0.0,0.0
1629116881.9624732,0.0,0.0
1629116881.9820173,0.0,0.0
1629116882.0341182,0.0,0.0
1629116882.0803783,0.0,0.0
1629116882.096985,0.0,0.0
1629116882.148857,0.0,0.0
1629116882.1904619,0.0,0.0
1629116882.2401893,0.0,0.0
1629116882.2575078,0.0,0.0
1629116882.3049421,0.0,0.0
1629116882.3485756,0.0,0.0
1629116882.3687975,0.0,0.0
1629116882.412844,0.0,0.0
1629116882.435257,0.0,0.0
1629116882.4880435,0.0,0.0
1629116882.53391,0.0,0.0
1629116882.5518415,0.0,0.0
1629116882.6080716,0.0,0.0
1629116882.6257873,0.0,0.0
1629116882.67774,0.0,0.0
1629116882.7209089,0.0,0.0
1629116882.7772422,0.0,0.0
1629116882.8006883,0.0,0.0
1629116882.8485923,0.0,0.0
1629116882.8906863,0.0,0.0
1629116882.941398,0.0,0.0
1629116882.9852173,0.0,0.0
1629116883.0318434,0.0,0.0
1629116883.083784,0.0,0.0
1629116883.1003227,0.0,0.0
1629116883.1478186,0.0,0.0
1629116883.1919188,0.0,0.0
1629116883.240422,0.0,0.0
1629116883.288894,0.0,0.0
1629116883.3354278,0.0,0.0
1629116883.3875968,0.0,0.0
1629116883.4021702,0.0,0.0
1629116883.4449732,0.0,0.0
1629116883.485492,0.0,0.0
1629116883.5282712,0.0,0.0
1629116883.5713584,0.0,0.0
1629116883.5904257,0.0,0.0
1629116883.6336005,0.0,0.0
1629116883.6735852,0.0,0.0
1629116883.7172275,0.0,0.0
1629116883.7628994,0.0,0.0
1629116883.7816486,0.0,0.0
1629116883.8243325,0.0,0.0
1629116883.862177,0.0,0.0
1629116883.9032726,0.0,0.0
1629116883.949672,0.0,0.0
1629116883.9657898,0.0,0.0
1629116884.0083063,0.0,0.0
1629116884.0507553,0.0,0.0
1629116884.072062,0.0,0.0
1629116884.1175773,0.0,0.0
1629116884.146171,0.0,0.0
1629116884.1894627,0.0,0.0
1629116884.2290182,0.0,0.0
1629116884.2778015,0.0,0.0
1629116884.300144,0.0,0.0
1629116884.349787,0.0,0.0
1629116884.3940392,0.0,0.0
1629116884.4135485,0.0,0.0
1629116884.4621868,0.0,0.0
1629116884.4790637,0.0,0.0
1629116884.5331254,0.0,0.0
1629116884.5820315,0.0,0.0
1629116884.637809,0.0,0.0
1629116884.660899,0.0,0.0
1629116884.7148006,0.0,0.0
1629116884.7438233,0.0,0.0
1629116884.8443384,0.0,0.0
1629116884.9014404,0.0,0.0
1629116884.9526894,0.0,0.0
1629116885.0037832,0.0,0.0
1629116885.0567482,0.0,0.0
1629116885.1066735,0.0,0.0
1629116885.162768,0.0,0.0
1629116885.2100484,0.0,0.0
1629116885.225972,0.0,0.0
1629116885.2760484,0.0,0.0
1629116885.2912288,0.0,0.0
1629116885.3414786,0.0,0.0
1629116885.3861165,0.0,0.0
1629116885.4006314,0.0,0.0
1629116885.4483092,0.0,0.0
1629116885.4856372,0.0,0.0
1629116885.536497,0.0,0.0
1629116885.6061106,0.0,0.0
1629116885.680223,0.0,0.0
1629116885.7054865,0.0,0.0
1629116885.7573702,0.0,0.0
1629116885.7977064,0.0,0.0
1629116885.8475547,0.0,0.0
1629116885.8937323,0.0,0.0
1629116885.9426193,0.0,0.0
1629116885.9976432,0.0,0.0
1629116886.007842,0.0,0.0
1629116886.0545819,0.0,0.0
1629116886.0763006,0.0,0.0
1629116886.1235406,0.0,0.0
1629116886.1493185,0.0,0.0
1629116886.1995697,0.0,0.0
1629116886.239275,0.0,0.0
1629116886.2594998,0.0,0.0
1629116886.3103342,0.0,0.0
1629116886.3358762,0.0,0.0
1629116886.3803697,0.0,0.0
1629116886.4170942,0.0,0.0
1629116886.4673824,0.0,0.0
1629116886.492925,0.0,0.0
1629116886.54207,0.0,0.0
1629116886.5949123,0.0,0.0
1629116886.6109402,0.0,0.0
1629116886.6562326,0.0,0.0
1629116886.7024014,0.0,0.0
1629116886.74898,0.0,0.0
1629116886.7764356,0.0,0.0
1629116886.8230634,0.0,0.0
1629116886.8765924,0.0,0.0
1629116886.8923452,0.0,0.0
1629116886.9441,0.0,0.0
1629116886.9654543,0.0,0.0
1629116887.0125465,0.0,0.0
1629116887.0644987,0.0,0.0
1629116887.080574,0.0,0.0
1629116887.1265357,0.0,0.0
1629116887.1541739,0.0,0.0
1629116887.2022874,0.0,0.0
1629116887.256471,0.0,0.0
1629116887.2720606,0.0,0.0
1629116887.3220303,0.0,0.0
1629116887.3668227,0.0,0.0
1629116887.4125245,0.0,0.0
1629116887.4613116,0.0,0.0
1629116887.5085256,0.0,0.0
1629116887.535938,0.0,0.0
1629116887.5844982,0.0,0.0
1629116887.6316836,0.0,0.0
1629116887.653956,0.0,0.0
1629116887.7055027,0.0,0.0
1629116887.7261145,0.0,0.0
1629116887.7724586,0.0,0.0
1629116887.8243082,0.0,0.0
1629116887.8404248,0.0,0.0
1629116887.8921213,0.0,0.0
1629116887.9339623,0.0,0.0
1629116887.9845078,0.0,0.0
1629116888.011269,0.0,0.0
1629116888.0616567,0.0,0.0
1629116888.1023674,0.0,0.0
1629116888.1230829,0.0,0.0
1629116888.1742375,0.0,0.0
1629116888.1956933,0.0,0.0
1629116888.2454813,0.0,0.0
1629116888.285887,0.0,0.0
1629116888.3115222,0.0,0.0
1629116888.3578284,0.0,0.0
1629116888.3749774,0.0,0.0
1629116888.4245393,0.0,0.0
1629116888.4632807,0.0,0.0
1629116888.5144784,0.0,0.0
1629116888.5594766,0.0,0.0
1629116888.6122432,0.0,0.0
1629116888.657988,0.0,0.0
1629116888.70711,0.0,0.0
1629116888.7528567,0.0,0.0
1629116888.774227,0.0,0.0
1629116888.8245134,0.0,0.0
1629116888.8410785,0.0,0.0
1629116888.892343,0.0,0.0
1629116888.9289982,0.0,0.0
1629116888.9805489,0.0,0.0
1629116889.0044134,0.0,0.0
1629116889.055027,0.0,0.0
1629116889.1010249,0.0,0.0
1629116889.1210763,0.0,0.0
1629116889.1734293,0.0,0.0
1629116889.1847289,0.0,0.0
1629116889.2449102,0.0,0.0
1629116889.2792785,0.0,0.0
1629116889.2949436,0.0,0.0
1629116889.3453052,0.0,0.0
1629116889.3676834,0.0,0.0
1629116889.4193842,0.0,0.0
1629116889.463067,0.0,0.0
1629116889.514049,0.0,0.0
1629116889.5607033,0.0,0.0
1629116889.576102,0.0,0.0
1629116889.6300476,0.0,0.0
1629116889.6506293,0.0,0.0
1629116889.7019887,0.0,0.0
1629116889.72767,0.0,0.0
1629116889.7779362,0.0,0.0
1629116889.827096,0.0,0.0
1629116889.8776722,0.0,0.0
1629116889.9242637,0.0,0.0
1629116889.940009,0.0,0.0
1629116889.991119,0.0,0.0
1629116890.0079374,0.0,0.0
1629116890.058329,0.0,0.0
1629116890.1038578,0.0,0.0
1629116890.1494062,0.0,0.0
1629116890.2009423,0.0,0.0
1629116890.2172885,0.0,0.0
1629116890.2671695,0.0,0.0
1629116890.3086154,0.0,0.0
1629116890.3533654,0.0,0.0
1629116890.373739,0.0,0.0
1629116890.4208753,0.0,0.0
1629116890.4719315,0.0,0.0
1629116890.4877346,0.0,0.0
1629116890.5339203,0.0,0.0
1629116890.585972,0.0,0.0
1629116890.6014757,0.0,0.0
1629116890.6483674,0.0,0.0
1629116890.6948857,0.0,0.0
1629116890.7401698,0.0,0.0
1629116890.771721,0.0,0.0
1629116890.8166628,0.0,0.0
1629116890.86787,0.0,0.0
1629116890.913202,0.0,0.0
1629116890.9349215,0.0,0.0
1629116890.9814355,0.0,0.0
1629116891.0323353,0.0,0.0
1629116891.0482266,0.0,0.0
1629116891.09646,0.0,0.0
1629116891.1478322,0.0,0.0
1629116891.1940029,0.0,0.0
1629116891.2162082,0.0,0.0
1629116891.2653613,0.0,0.0
1629116891.325274,0.0,0.0
1629116891.3626091,0.0,0.0
1629116891.4247546,0.0,0.0
1629116891.4740694,0.0,0.0
1629116891.5213482,0.0,0.0
1629116891.543025,0.0,0.0
1629116891.5923982,0.0,0.0
1629116891.6346142,0.0,0.0
1629116891.6842608,0.0,0.0
1629116891.7302802,0.0,0.0
1629116891.75349,0.0,0.0
1629116891.8040655,0.0,0.0
1629116891.8295052,0.0,0.0
1629116891.8825493,0.0,0.0
1629116891.924507,0.0,0.0
1629116891.944558,0.0,0.0
1629116891.9958022,0.0,0.0
1629116892.016437,0.0,0.0
1629116892.0706322,0.0,0.0
1629116892.0927987,0.0,0.0
1629116892.1454115,0.0,0.0
1629116892.1919205,0.0,0.0
1629116892.2402875,0.0,0.0
1629116892.286057,0.0,0.0
1629116892.333338,0.0,0.0
1629116892.3789084,0.0,0.0
1629116892.397361,0.0,0.0
1629116892.4426665,0.0,0.0
1629116892.4689682,0.0,0.0
1629116892.5219646,0.0,0.0
1629116892.5685468,0.0,0.0
1629116892.6165829,0.0,0.0
1629116892.663613,0.0,0.0
1629116892.679143,0.0,0.0
1629116892.7302368,0.0,0.0
1629116892.7615585,0.0,0.0
1629116892.8097224,0.0,0.0
1629116892.89914,0.0,0.0
1629116892.9199517,0.0,0.0
1629116892.9717474,0.0,0.0
1629116892.9881644,0.0,0.0
1629116893.0446496,0.0,0.0
1629116893.08678,0.0,0.0
1629116893.1395555,0.0,0.0
1629116893.1560528,0.0,0.0
1629116893.2071524,0.0,0.0
1629116893.2533128,0.0,0.0
1629116893.2685645,0.0,0.0
1629116893.3192408,0.0,0.0
1629116893.3346572,0.0,0.0
1629116893.3861818,0.0,0.0
1629116893.4318774,0.0,0.0
1629116893.4472606,0.0,0.0
1629116893.4981685,0.0,0.0
1629116893.518472,0.0,0.0
1629116893.5712612,0.0,0.0
1629116893.618196,0.0,0.0
1629116893.6333046,0.0,0.0
1629116893.6875594,0.0,0.0
1629116893.7026355,0.0,0.0
1629116893.7541814,0.0,0.0
1629116893.8037367,0.0,0.0
1629116893.8262122,0.0,0.0
1629116893.8759797,0.0,0.0
1629116893.8911743,0.0,0.0
1629116893.9385974,0.0,0.0
1629116893.9915273,0.0,0.0
1629116894.007004,0.0,0.0
1629116894.0582643,0.0,0.0
1629116894.0992908,0.0,0.0
1629116894.1502802,0.0,0.0
1629116894.1956985,0.0,0.0
1629116894.245209,0.0,0.0
1629116894.2910748,0.0,0.0
1629116894.3448708,0.0,0.0
1629116894.3920524,0.0,0.0
1629116894.4098725,0.0,0.0
1629116894.4546952,0.0,0.0
1629116894.4934623,0.0,0.0
1629116894.539193,0.0,0.0
1629116894.5881987,0.0,0.0
1629116894.6039596,0.0,0.0
1629116894.648398,0.0,0.0
1629116894.6990123,0.0,0.0
1629116894.7437713,0.0,0.0
1629116894.7642224,0.0,0.0
1629116894.8142405,0.0,0.0
1629116894.8656998,0.0,0.0
1629116894.8803048,0.0,0.0
1629116894.9276104,0.0,0.0
1629116894.9831717,0.0,0.0
1629116895.026413,0.0,0.0
1629116895.0462065,0.0,0.0
1629116895.0917265,0.0,0.0
1629116895.1372356,0.0,0.0
1629116895.1580966,0.0,0.0
1629116895.2082295,0.0,0.0
1629116895.233401,0.0,0.0
1629116895.2783294,0.0,0.0
1629116895.3225827,0.0,0.0
1629116895.3424892,0.0,0.0
1629116895.3878345,0.0,0.0
1629116895.4375765,0.0,0.0
1629116895.4531033,0.0,0.0
1629116895.4984946,0.0,0.0
1629116895.541119,0.0,0.0
1629116895.588909,0.0,0.0
1629116895.6356306,0.0,0.0
1629116895.6503575,0.0,0.0
1629116895.6976426,0.0,0.0
1629116895.7382777,0.0,0.0
1629116895.788522,0.0,0.0
1629116895.818678,0.0,0.0
1629116895.8626618,0.0,0.0
1629116895.9034681,0.0,0.0
1629116895.9532247,0.0,0.0
1629116895.9983094,0.0,0.0
1629116896.0487385,0.0,0.0
1629116896.093304,0.0,0.0
1629116896.1432908,0.0,0.0
1629116896.1916838,0.0,0.0
1629116896.2102718,0.0,0.0
1629116896.2600176,0.0,0.0
1629116896.2750025,0.0,0.0
1629116896.3254654,0.0,0.0
1629116896.370201,0.0,0.0
1629116896.4201038,0.0,0.0
1629116896.4675014,0.0,0.0
1629116896.4832191,0.0,0.0
1629116896.5332823,0.0,0.0
1629116896.5558233,0.0,0.0
1629116896.6033363,0.0,0.0
1629116896.651926,0.0,0.0
1629116896.7040887,0.0,0.0
1629116896.7490618,0.0,0.0
1629116896.7995746,0.0,0.0
1629116896.8464491,0.0,0.0
1629116896.868596,0.0,0.0
1629116896.915436,0.0,0.0
1629116896.9359305,0.0,0.0
1629116896.9876513,0.0,0.0
1629116897.0145912,0.0,0.0
1629116897.0670426,0.0,0.0
1629116897.1152546,0.0,0.0
1629116897.1893172,0.0,0.0
1629116897.2279477,0.0,0.0
1629116897.288427,0.0,0.0
1629116897.3180907,0.0,0.0
1629116897.369788,0.0,0.0
1629116897.4181917,0.0,0.0
1629116897.4716034,0.0,0.0
1629116897.5187001,0.0,0.0
1629116897.5696578,0.0,0.0
1629116897.618317,0.0,0.0
1629116897.6341708,0.0,0.0
1629116897.688639,0.0,0.0
1629116897.7092185,0.0,0.0
1629116897.7605715,0.0,0.0
1629116897.7865522,0.0,0.0
1629116897.8391812,0.0,0.0
1629116897.8883839,0.0,0.0
1629116897.906128,0.0,0.0
1629116897.9562993,0.0,0.0
1629116897.9727473,0.0,0.0
1629116898.019334,0.0,0.0
1629116898.0713239,0.0,0.0
1629116898.0874445,0.0,0.0
1629116898.1346416,0.0,0.0
1629116898.1820638,0.0,0.0
1629116898.2286906,0.0,0.0
1629116898.2613103,0.0,0.0
1629116898.3157325,0.0,0.0
1629116898.3447828,0.0,0.0
1629116898.3987827,0.0,0.0
1629116898.4128013,0.0,0.0
1629116898.4612658,0.0,0.0
1629116898.5133379,0.0,0.0
1629116898.5286875,0.0,0.0
1629116898.574094,0.0,0.0
1629116898.6274767,0.0,0.0
1629116898.6743453,0.0,0.0
1629116898.6945589,0.0,0.0
1629116898.7426271,0.0,0.0
1629116898.7919655,0.0,0.0
1629116898.838619,0.0,0.0
1629116898.8662033,0.0,0.0
1629116898.9124477,0.0,0.0
1629116898.9393697,0.0,0.0
1629116898.9868946,0.0,0.0
1629116899.0347664,0.0,0.0
1629116899.0554059,0.0,0.0
1629116899.1007094,0.0,0.0
1629116899.1447587,0.0,0.0
1629116899.190983,0.0,0.0
1629116899.2398846,0.0,0.0
1629116899.2851923,0.0,0.0
1629116899.3124003,0.0,0.0
1629116899.3572361,0.0,0.0
1629116899.3843296,0.0,0.0
1629116899.4327023,0.0,0.0
1629116899.4784312,0.0,0.0
1629116899.4995925,0.0,0.0
1629116899.5469477,0.0,0.0
1629116899.5942237,0.0,0.0
1629116899.609729,0.0,0.0
1629116899.6581817,0.0,0.0
1629116899.6981118,0.0,0.0
1629116899.7495108,0.0,0.0
1629116899.7729375,0.0,0.0
1629116899.820618,0.0,0.0
1629116899.8656769,0.0,0.0
1629116899.8803697,0.0,0.0
1629116899.9291224,0.0,0.0
1629116899.9724913,0.0,0.0
1629116899.991894,0.0,0.0
1629116900.0363746,0.0,0.0
1629116900.0567093,0.0,0.0
1629116900.1253362,0.0,0.0
1629116900.1887267,0.0,0.0
1629116900.2050326,0.0,0.0
1629116900.2541032,0.0,0.0
1629116900.273363,0.0,0.0
1629116900.3251536,0.0,0.0
1629116900.3709683,0.0,0.0
1629116900.3859622,0.0,0.0
1629116900.435904,0.0,0.0
1629116900.457851,0.0,0.0
1629116900.509196,0.0,0.0
1629116900.5560808,0.0,0.0
1629116900.5716352,0.0,0.0
1629116900.619645,0.0,0.0
1629116900.6403732,0.0,0.0
1629116900.6894476,0.0,0.0
1629116900.7379127,0.0,0.0
1629116900.752163,0.0,0.0
1629116900.7995563,0.0,0.0
1629116900.81961,0.0,0.0
1629116900.8683078,0.0,0.0
1629116900.9127767,0.0,0.0
1629116900.9341745,0.0,0.0
1629116900.9862006,0.0,0.0
1629116901.0059457,0.0,0.0
1629116901.0605707,0.0,0.0
1629116901.105236,0.0,0.0
1629116901.157447,0.0,0.0
1629116901.1830714,0.0,0.0
1629116901.2345507,0.0,0.0
1629116901.2807238,0.0,0.0
1629116901.331843,0.0,0.0
1629116901.3777623,0.0,0.0
1629116901.398281,0.0,0.0
1629116901.44469,0.0,0.0
1629116901.4657972,0.0,0.0
1629116901.5160189,0.0,0.0
1629116901.5471582,0.0,0.0
1629116901.6149049,0.0,0.0
1629116901.662917,0.0,0.0
1629116901.7167077,0.0,0.0
1629116901.7314146,0.0,0.0
1629116901.7830615,0.0,0.0
1629116901.8240614,0.0,0.0
1629116901.838782,0.0,0.0
1629116901.8862574,0.0,0.0
1629116901.9228735,0.0,0.0
1629116901.9710724,0.0,0.0
1629116902.0145247,0.0,0.0
1629116902.034427,0.0,0.0
1629116902.0819213,0.0,0.0
1629116902.0969281,0.0,0.0
1629116902.1422791,0.0,0.0
1629116902.1920042,0.0,0.0
1629116902.2075882,0.0,0.0
1629116902.2530715,0.0,0.0
1629116902.3039887,0.0,0.0
1629116902.3221312,0.0,0.0
1629116902.3671966,0.0,0.0
1629116902.4179647,0.0,0.0
1629116902.4326873,0.0,0.0
1629116902.480995,0.0,0.0
1629116902.5042105,0.0,0.0
1629116902.5515463,0.0,0.0
1629116902.6033204,0.0,0.0
1629116902.6204934,0.0,0.0
1629116902.6676795,0.0,0.0
1629116902.713974,0.0,0.0
1629116902.7355814,0.0,0.0
1629116902.7847726,0.0,0.0
1629116902.8281555,0.0,0.0
1629116902.8819556,0.0,0.0
1629116902.9085193,0.0,0.0
1629116902.9542065,0.0,0.0
1629116903.0006857,0.0,0.0
1629116903.0199423,0.0,0.0
1629116903.0666234,0.0,0.0
1629116903.1145034,0.0,0.0
1629116903.192246,0.0,0.0
1629116903.2403255,0.0,0.0
1629116903.2873714,0.0,0.0
1629116903.3137662,0.0,0.0
1629116903.3643975,0.0,0.0
1629116903.385601,0.0,0.0
1629116903.4324062,0.0,0.0
1629116903.5047243,0.0,0.0
1629116903.5085979,0.0,0.0
1629116903.5494373,0.0,0.0
1629116903.5957797,0.0,0.0
1629116903.6421525,0.0,0.0
1629116903.6690514,0.0,0.0
1629116903.7189167,0.0,0.0
1629116903.7453527,0.0,0.0
1629116903.7988055,0.0,0.0
1629116903.8211777,0.0,0.0
1629116903.867868,0.0,0.0
1629116903.8925064,0.0,0.0
1629116903.9740803,0.0,0.0
1629116904.0260909,0.0,0.0
1629116904.0428016,0.0,0.0
1629116904.0905995,0.0,0.0
1629116904.109919,0.0,0.0
1629116904.1569955,0.0,0.0
1629116904.2002661,0.0,0.0
1629116904.2488565,0.0,0.0
1629116904.2926064,0.0,0.0
1629116904.3167524,0.0,0.0
1629116904.3600307,0.0,0.0
1629116904.375118,0.0,0.0
1629116904.4236147,0.0,0.0
1629116904.4655445,0.0,0.0
1629116904.4816,0.0,0.0
1629116904.532919,0.0,0.0
1629116904.5747082,0.0,0.0
1629116904.626063,0.0,0.0
1629116904.6569242,0.0,0.0
1629116904.708006,0.0,0.0
1629116904.7293303,0.0,0.0
1629116904.7843087,0.0,0.0
1629116904.812055,0.0,0.0
1629116904.8695538,0.0,0.0
1629116904.910089,0.0,0.0
1629116904.9629145,0.0,0.0
1629116904.9812388,0.0,0.0
1629116905.0306873,0.0,0.0
1629116905.0559936,0.0,0.0
1629116905.106774,0.0,0.0
1629116905.1529317,0.0,0.0
1629116905.169487,0.0,0.0
1629116905.2199953,0.0,0.0
1629116905.2544832,0.0,0.0
1629116905.3031318,0.0,0.0
1629116905.3346913,0.0,0.0
1629116905.3862076,0.0,0.0
1629116905.4023902,0.0,0.0
1629116905.490508,0.0,0.0
1629116905.5408137,0.0,0.0
1629116905.5897868,0.0,0.0
1629116905.6361496,0.0,0.0
1629116905.6516342,0.0,0.0
1629116905.70193,0.0,0.0
1629116905.7374806,0.0,0.0
1629116905.7866302,0.0,0.0
1629116905.8300533,0.0,0.0
1629116905.8565354,0.0,0.0
1629116905.902288,0.0,0.0
1629116905.9174,0.0,0.0
1629116905.9604778,0.0,0.0
1629116906.0117223,0.0,0.0
1629116906.02684,0.0,0.0
1629116906.0741432,0.0,0.0
1629116906.1132808,0.0,0.0
1629116906.1618097,0.0,0.0
1629116906.1772768,0.0,0.0
1629116906.2417345,0.0,0.0
1629116906.3178074,0.0,0.0
1629116906.3337328,0.0,0.0
1629116906.3799543,0.0,0.0
1629116906.3987663,0.0,0.0
1629116906.4452195,0.0,0.0
1629116906.495647,0.0,0.0
1629116906.510473,0.0,0.0
1629116906.5577064,0.0,0.0
1629116906.605248,0.0,0.0
1629116906.628154,0.0,0.0
1629116906.675961,0.0,0.0
1629116906.7267218,0.0,0.0
1629116906.777404,0.0,0.0
1629116906.8048766,0.0,0.0
1629116906.8555028,0.0,0.0
1629116906.883789,0.0,0.0
1629116906.9313474,0.0,0.0
1629116906.9813507,0.0,0.0
1629116907.0045497,0.0,0.0
1629116907.096018,0.0,0.0
1629116907.1226134,0.0,0.0
1629116907.1698525,0.0,0.0
1629116907.2062175,0.0,0.0
1629116907.2542133,0.0,0.0
1629116907.308709,0.0,0.0
1629116907.3269882,0.0,0.0
1629116907.3750663,0.0,0.0
1629116907.3988743,0.0,0.0
1629116907.446025,0.0,0.0
1629116907.4890773,0.0,0.0
1629116907.5130343,0.0,0.0
1629116907.5560195,0.0,0.0
1629116907.5752244,0.0,0.0
1629116907.6249764,0.0,0.0
1629116907.6699188,0.0,0.0
1629116907.6891975,0.0,0.0
1629116907.731791,0.0,0.0
1629116907.756233,0.0,0.0
1629116907.8070147,0.0,0.0
1629116907.8731353,0.0,0.0
1629116907.9030697,0.0,0.0
1629116907.9633381,0.0,0.0
1629116907.9832957,0.0,0.0
1629116908.0337846,0.0,0.0
1629116908.0793078,0.0,0.0
1629116908.0944197,0.0,0.0
1629116908.1462429,0.0,0.0
1629116908.1700916,0.0,0.0
1629116908.2167377,0.0,0.0
1629116908.260626,0.0,0.0
1629116908.281375,0.0,0.0
1629116908.32545,0.0,0.0
1629116908.3432393,0.0,0.0
1629116908.3920999,0.0,0.0
1629116908.4356346,0.0,0.0
1629116908.4550915,0.0,0.0
1629116908.502936,0.0,0.0
1629116908.5174847,0.0,0.0
1629116908.5655804,0.0,0.0
1629116908.6089249,0.0,0.0
1629116908.6584396,0.0,0.0
1629116908.7002256,0.0,0.0
1629116908.714824,0.0,0.0
1629116908.7630875,0.0,0.0
1629116908.8078406,0.0,0.0
1629116908.8555708,0.0,0.0
1629116908.9003134,0.0,0.0
1629116908.920094,0.0,0.0
1629116908.9682078,0.0,0.0
1629116908.9839873,0.0,0.0
1629116909.0311966,0.0,0.0
1629116909.0736501,0.0,0.0
1629116909.0975912,0.0,0.0
1629116909.1411066,0.0,0.0
1629116909.1609154,0.0,0.0
1629116909.2082543,0.0,0.0
1629116909.2539039,0.0,0.0
1629116909.272824,0.0,0.0
1629116909.3197558,0.0,0.0
1629116909.3393042,0.0,0.0
1629116909.387092,0.0,0.0
1629116909.4117672,0.0,0.0
1629116909.4633574,0.0,0.0
1629116909.509174,0.0,0.0
1629116909.524992,0.0,0.0
1629116909.5735252,0.0,0.0
1629116909.5984874,0.0,0.0
1629116909.6453435,0.0,0.0
1629116909.6890671,0.0,0.0
1629116909.7038007,0.0,0.0
1629116909.7507122,0.0,0.0
1629116909.7794247,0.0,0.0
1629116909.8282566,0.0,0.0
1629116909.8553193,0.0,0.0
1629116909.902263,0.0,0.0
1629116909.9439836,0.0,0.0
1629116909.9641283,0.0,0.0
1629116910.0058513,0.0,0.0
1629116910.025008,0.0,0.0
1629116910.0748503,0.0,0.0
1629116910.1171768,0.0,0.0
1629116910.1324263,0.0,0.0
1629116910.1799786,0.0,0.0
1629116910.2158942,0.0,0.0
1629116910.2638676,0.0,0.0
1629116910.301342,0.0,0.0
1629116910.3209693,0.0,0.0
1629116910.3681169,0.0,0.0
1629116910.3993733,0.0,0.0
1629116910.4481075,0.0,0.0
1629116910.4764998,0.0,0.0
1629116910.523574,0.0,0.0
1629116910.5480917,0.0,0.0
1629116910.595441,0.0,0.0
1629116910.6393547,0.0,0.0
1629116910.6532207,0.0,0.0
1629116910.7008438,0.0,0.0
1629116910.7389512,0.0,0.0
1629116910.785626,0.0,0.0
1629116910.8048952,0.0,0.0
1629116910.8555474,0.0,0.0
1629116910.8868654,0.0,0.0
1629116910.9335692,0.0,0.0
1629116910.96257,0.0,0.0
1629116911.0097237,0.0,0.0
1629116911.0352476,0.0,0.0
1629116911.0846045,0.0,0.0
1629116911.1273441,0.0,0.0
1629116911.1418934,0.0,0.0
1629116911.189438,0.0,0.0
1629116911.214804,0.0,0.0
1629116911.2654464,0.0,0.0
1629116911.3122842,0.0,0.0
1629116911.3271086,0.0,0.0
1629116911.3754296,0.0,0.0
1629116911.3898113,0.0,0.0
1629116911.4413502,0.0,0.0
1629116911.4889715,0.0,0.0
1629116911.5052564,0.0,0.0
1629116911.5519629,0.0,0.0
1629116911.5682425,0.0,0.0
1629116911.619442,0.0,0.0
1629116911.6653504,0.0,0.0
1629116911.6817787,0.0,0.0
1629116911.732027,0.0,0.0
1629116911.7469435,0.0,0.0
1629116911.797316,0.0,0.0
1629116911.8474987,0.0,0.0
1629116911.8680608,0.0,0.0
1629116911.9133794,0.0,0.0
1629116911.934993,0.0,0.0
1629116911.9827092,0.0,0.0
1629116912.0087671,0.0,0.0
1629116912.0574722,0.0,0.0
1629116912.1010687,0.0,0.0
1629116912.11733,0.0,0.0
1629116912.1654289,0.0,0.0
1629116912.189835,0.0,0.0
1629116912.2403166,0.0,0.0
1629116912.2858393,0.0,0.0
1629116912.3010058,0.0,0.0
1629116912.3479574,0.0,0.0
1629116912.3693786,0.0,0.0
1629116912.4244826,0.0,0.0
1629116912.4624305,0.0,0.0
1629116912.4817038,0.0,0.0
1629116912.5251553,0.0,0.0
1629116912.5449283,0.0,0.0
1629116912.592669,0.0,0.0
1629116912.6364183,0.0,0.0
1629116912.65606,0.0,0.0
1629116912.704966,0.0,0.0
1629116912.7244751,0.0,0.0
1629116912.7724638,0.0,0.0
1629116912.8156035,0.0,0.0
1629116912.8316426,0.0,0.0
1629116912.881899,0.0,0.0
1629116912.9213984,0.0,0.0
1629116912.9685373,0.0,0.0
1629116913.0114813,0.0,0.0
1629116913.0311737,0.0,0.0
1629116913.0753138,0.0,0.0
1629116913.0956771,0.0,0.0
1629116913.1434834,0.0,0.0
1629116913.1875956,0.0,0.0
1629116913.2079365,0.0,0.0
1629116913.2518876,0.0,0.0
1629116913.2715225,0.0,0.0
1629116913.3196652,0.0,0.0
1629116913.3632674,0.0,0.0
1629116913.3830793,0.0,0.0
1629116913.4319835,0.0,0.0
1629116913.4531758,0.0,0.0
1629116913.5023344,0.0,0.0
1629116913.548008,0.0,0.0
1629116913.5700085,0.0,0.0
1629116913.6490636,0.0,0.0
1629116913.6761868,0.0,0.0
1629116913.7244556,0.0,0.0
1629116913.7496521,0.0,0.0
1629116913.7977426,0.0,0.0
1629116913.8424716,0.0,0.0
1629116913.8659868,0.0,0.0
1629116913.9099898,0.0,0.0
1629116913.929748,0.0,0.0
1629116913.9776313,0.0,0.0
1629116914.0221493,0.0,0.0
1629116914.0495162,0.0,0.0
1629116914.0918527,0.0,0.0
1629116914.1066601,0.0,0.0
1629116914.1538742,0.0,0.0
1629116914.1978374,0.0,0.0
1629116914.222157,0.0,0.0
1629116914.2719767,0.0,0.0
1629116914.2850583,0.0,0.0
1629116914.3331058,0.0,0.0
1629116914.3784397,0.0,0.0
1629116914.4023542,0.0,0.0
1629116914.451444,0.0,0.0
1629116914.4709668,0.0,0.0
1629116914.5133133,0.0,0.0
1629116914.5394316,0.0,0.0
1629116914.5889745,0.0,0.0
1629116914.629972,0.0,0.0
1629116914.6508358,0.0,0.0
1629116914.700289,0.0,0.0
1629116914.7140362,0.0,0.0
1629116914.7615883,0.0,0.0
1629116914.8039339,0.0,0.0
1629116914.8284476,0.0,0.0
1629116914.8746164,0.0,0.0
1629116914.8964326,0.0,0.0
1629116914.9442413,0.0,0.0
1629116914.969809,0.0,0.0
1629116915.0173342,0.0,0.0
1629116915.0619628,0.0,0.0
1629116915.0867984,0.0,0.0
1629116915.1299572,0.0,0.0
1629116915.144683,0.0,0.0
1629116915.1934614,0.0,0.0
1629116915.2364442,0.0,0.0
1629116915.255982,0.0,0.0
1629116915.3030388,0.0,0.0
1629116915.3280158,0.0,0.0
1629116915.375381,0.0,0.0
1629116915.4187362,0.0,0.0
1629116915.4380896,0.0,0.0
1629116915.4813871,0.0,0.0
1629116915.5206008,0.0,0.0
1629116915.5690424,0.0,0.0
1629116915.590033,0.0,0.0
1629116915.6375864,0.0,0.0
1629116915.6838021,0.0,0.0
1629116915.699377,0.0,0.0
1629116915.7475357,0.0,0.0
1629116915.774422,0.0,0.0
1629116915.826519,0.0,0.0
1629116915.8635864,0.0,0.0
1629116915.9209654,0.0,0.0
1629116915.9693482,0.0,0.0
1629116916.025526,0.0,0.0
1629116916.0767071,0.0,0.0
1629116916.0917323,0.0,0.0
1629116916.1435885,0.0,0.0
1629116916.1818838,0.0,0.0
1629116916.2324402,0.0,0.0
1629116916.2785583,0.0,0.0
1629116916.3299954,0.0,0.0
1629116916.375381,0.0,0.0
1629116916.4266255,0.0,0.0
1629116916.4723594,0.0,0.0
1629116916.487557,0.0,0.0
1629116916.5375738,0.0,0.0
1629116916.558165,0.0,0.0
1629116916.6090684,0.0,0.0
1629116916.6395125,0.0,0.0
1629116916.6915696,0.0,0.0
1629116916.7233787,0.0,0.0
1629116916.7732344,0.0,0.0
1629116916.7988682,0.0,0.0
1629116916.8502269,0.0,0.0
1629116916.8951962,0.0,0.0
1629116916.9121048,0.0,0.0
1629116916.9601452,0.0,0.0
1629116916.98112,0.0,0.0
1629116917.031083,0.0,0.0
1629116917.0753522,0.0,0.0
1629116917.1272323,0.0,0.0
1629116917.1749356,0.0,0.0
1629116917.194727,0.0,0.0
1629116917.2869172,0.0,0.0
1629116917.3102088,0.0,0.0
1629116917.362299,0.0,0.0
1629116917.38131,0.0,0.0
1629116917.4334168,0.0,0.0
1629116917.4809413,0.0,0.0
1629116917.4956996,0.0,0.0
1629116917.547269,0.0,0.0
1629116917.563926,0.0,0.0
1629116917.6123497,0.0,0.0
1629116917.6550972,0.0,0.0
1629116917.6711724,0.0,0.0
1629116917.7187395,0.0,0.0
1629116917.7392478,0.0,0.0
1629116917.7873898,0.0,0.0
1629116917.8300872,0.0,0.0
1629116917.8820608,0.0,0.0
1629116917.9326923,0.0,0.0
1629116917.9474437,0.0,0.0
1629116917.9987338,0.0,0.0
1629116918.0789933,0.0,0.0
1629116918.1405618,0.0,0.0
1629116918.1627307,0.0,0.0
1629116918.2151463,0.0,0.0
1629116918.234943,0.0,0.0
1629116918.2840717,0.0,0.0
1629116918.325112,0.0,0.0
1629116918.3505,0.0,0.0
1629116918.4009724,0.0,0.0
1629116918.4220166,0.0,0.0
1629116918.4688644,0.0,0.0
1629116918.4931355,0.0,0.0
1629116918.5400982,0.0,0.0
1629116918.5867732,0.0,0.0
1629116918.6029031,0.0,0.0
1629116918.6540985,0.0,0.0
1629116918.6963851,0.0,0.0
1629116918.745971,0.0,0.0
1629116918.7705715,0.0,0.0
1629116918.8178868,0.0,0.0
1629116918.8421197,0.0,0.0
1629116918.8986003,0.0,0.0
1629116918.9216695,0.0,0.0
1629116918.969757,0.0,0.0
1629116918.996819,0.0,0.0
1629116919.045967,0.0,0.0
1629116919.067527,0.0,0.0
1629116919.1195483,0.0,0.0
1629116919.165379,0.0,0.0
1629116919.1816006,0.0,0.0
1629116919.2315357,0.0,0.0
1629116919.2526364,0.0,0.0
1629116919.3079267,0.0,0.0
1629116919.3324854,0.0,0.0
1629116919.3847375,0.0,0.0
1629116919.4293754,0.0,0.0
1629116919.4779859,0.0,0.0
1629116919.5233188,0.0,0.0
1629116919.5380974,0.0,0.0
1629116919.5869792,0.0,0.0
1629116919.620665,0.0,0.0
1629116919.668861,0.0,0.0
1629116919.694319,0.0,0.0
1629116919.744263,0.0,0.0
1629116919.7933276,0.0,0.0
1629116919.8126118,0.0,0.0
1629116919.8549793,0.0,0.0
1629116919.8818784,0.0,0.0
