time,v,omega
1627480529.5274947,0.0,0.0
1627480529.5703514,0.0,0.0
1627480529.6198146,0.0,0.0
1627480529.6668246,0.0,0.0
1627480529.7201562,0.0,0.0
1627480529.7719083,0.0,0.0
1627480529.8508646,0.0,0.0
1627480529.900257,0.0,0.0
1627480529.9625113,0.0,0.0
1627480529.9847825,0.0,0.0
1627480530.0376823,0.0,0.0
1627480530.070382,0.0,0.0
1627480530.1242745,0.0,0.0
1627480530.1518097,0.0,0.0
1627480530.2106113,0.0,0.0
1627480530.265315,0.0,0.0
1627480530.3240278,0.0,0.0
1627480530.3455386,0.0,0.0
1627480530.3991716,0.0,0.0
1627480530.4263005,0.0,0.0
1627480530.4795747,0.0,0.0
1627480530.5268338,0.0,0.0
1627480530.5807076,0.0,0.0
1627480530.607869,0.0,0.0
1627480530.6611483,0.0,0.0
1627480530.7114778,0.0,0.0
1627480530.7680583,0.0,0.0
1627480530.7896774,0.0,0.0
1627480530.8436403,0.0,0.0
1627480530.8671038,0.0,0.0
1627480530.9209542,0.0,0.0
1627480530.9483237,0.0,0.0
1627480531.0025566,0.0,0.0
1627480531.0524695,0.0,0.0
1627480531.1046224,0.0,0.0
1627480531.1312838,0.0,0.0
1627480531.1841984,0.0,0.0
1627480531.2345433,0.0,0.0
1627480531.2872674,0.0,0.0
1627480531.3278692,0.0,0.0
1627480531.3831577,0.0,0.0
1627480531.420057,0.0,0.0
1627480531.4669652,0.0,0.0
1627480531.4882486,0.0,0.0
1627480531.5400555,0.0,0.0
1627480531.5657978,0.0,0.0
1627480531.6161613,0.0,0.0
1627480531.6549804,0.0,0.0
1627480531.7033653,0.0,0.0
1627480531.7469242,0.0,0.0
1627480531.7668638,0.0,0.0
1627480531.815155,0.0,0.0
1627480531.8300397,0.0,0.0
1627480531.8785992,0.0,0.0
1627480531.9216533,0.0,0.0
1627480531.9458902,0.0,0.0
1627480531.9944775,0.0,0.0
1627480532.0100944,0.0,0.0
1627480532.0827615,0.0,0.0
1627480532.1431077,0.0,0.0
1627480532.1636362,0.0,0.0
1627480532.2121224,0.0,0.0
1627480532.236147,0.0,0.0
1627480532.2848248,0.0,0.0
1627480532.3299665,0.0,0.0
1627480532.3439152,0.0,0.0
1627480532.3926234,0.0,0.0
1627480532.4326637,0.0,0.0
1627480532.480171,0.0,0.0
1627480532.52579,0.0,0.0
1627480532.5512297,0.0,0.0
1627480532.600093,0.0,0.0
1627480532.6151104,0.0,0.0
1627480532.6632519,0.0,0.0
1627480532.6988578,0.0,0.0
1627480532.747051,0.0,0.0
1627480532.7913163,0.0,0.0
1627480532.8105292,0.0,0.0
1627480532.857921,0.0,0.0
1627480532.8869238,0.0,0.0
1627480532.9355805,0.0,0.0
1627480532.9646025,0.0,0.0
1627480533.0124052,0.0,0.0
1627480533.0353906,0.0,0.0
1627480533.0849004,0.0,0.0
1627480533.127705,0.0,0.0
1627480533.1472971,0.0,0.0
1627480533.1943293,0.0,0.0
1627480533.2182267,0.0,0.0
1627480533.2659295,0.0,0.0
1627480533.3157532,0.0,0.0
1627480533.3626504,0.0,0.0
1627480533.4121263,0.0,0.0
1627480533.4605162,0.0,0.0
1627480533.4851305,0.0,0.0
1627480533.5345802,0.0,0.0
1627480533.5822659,0.0,0.0
1627480533.6298304,0.0,0.0
1627480533.677661,0.0,0.0
1627480533.7270546,0.0,0.0
1627480533.7697182,0.0,0.0
1627480533.7877753,0.0,0.0
1627480533.833392,0.0,0.0
1627480533.880971,0.0,0.0
1627480533.9284236,0.0,0.0
1627480533.971432,0.0,0.0
1627480533.9916654,0.0,0.0
1627480534.029801,0.0,0.0
1627480534.0733907,0.0,0.0
1627480534.1210938,0.0,0.0
1627480534.1401262,0.0,0.0
1627480534.1889768,0.0,0.0
1627480534.2306104,0.0,0.0
1627480534.2504237,0.0,0.0
1627480534.2983541,0.0,0.0
1627480534.3178363,0.0,0.0
1627480534.3650253,0.0,0.0
1627480534.4084163,0.0,0.0
1627480534.428471,0.0,0.0
1627480534.4706278,0.0,0.0
1627480534.5094376,0.0,0.0
1627480534.5593839,0.0,0.0
1627480534.5788865,0.0,0.0
1627480534.6269836,0.0,0.0
1627480534.6706915,0.0,0.0
1627480534.6903374,0.0,0.0
1627480534.7332408,0.0,0.0
1627480534.7578285,0.0,0.0
1627480534.8049471,0.0,0.0
1627480534.8480072,0.0,0.0
1627480534.8683426,0.0,0.0
1627480534.9160812,0.0,0.0
1627480534.9357314,0.0,0.0
1627480534.9827938,0.0,0.0
1627480535.0275924,0.0,0.0
1627480535.0453985,0.0,0.0
1627480535.092712,0.0,0.0
1627480535.1168807,0.0,0.0
1627480535.1649106,0.0,0.0
1627480535.2097976,0.0,0.0
1627480535.2581291,0.0,0.0
1627480535.3012655,0.0,0.0
1627480535.3484902,0.0,0.0
1627480535.3906507,0.0,0.0
1627480535.4060972,0.0,0.0
1627480535.454184,0.0,0.0
1627480535.4982128,0.0,0.0
1627480535.5248418,0.0,0.0
1627480535.5702817,0.0,0.0
1627480535.585044,0.0,0.0
1627480535.632348,0.0,0.0
1627480535.6750426,0.0,0.0
1627480535.7256927,0.0,0.0
1627480535.7699826,0.0,0.0
1627480535.791231,0.0,0.0
1627480535.8404276,0.0,0.0
1627480535.866167,0.0,0.0
1627480535.914362,0.0,0.0
1627480535.9570627,0.0,0.0
1627480536.0059774,0.0,0.0
1627480536.0522738,0.0,0.0
1627480536.0686257,0.0,0.0
1627480536.1153352,0.0,0.0
1627480536.1438024,0.0,0.0
1627480536.1907408,0.0,0.0
1627480536.236597,0.0,0.0
1627480536.256632,0.0,0.0
1627480536.3054643,0.0,0.0
1627480536.3202052,0.0,0.0
1627480536.36835,0.0,0.0
1627480536.4121675,0.0,0.0
1627480536.432824,0.0,0.0
1627480536.4823756,0.0,0.0
1627480536.5075016,0.0,0.0
1627480536.5576766,0.0,0.0
1627480536.6036766,0.0,0.0
1627480536.6279225,0.0,0.0
1627480536.6663663,0.0,0.0
1627480536.6867218,0.0,0.0
1627480536.7357445,0.0,0.0
1627480536.7873933,0.0,0.0
1627480536.8050323,0.0,0.0
1627480536.8561203,0.0,0.0
1627480536.8817449,0.0,0.0
1627480536.9327614,0.0,0.0
1627480536.97879,0.0,0.0
1627480537.0300581,0.0,0.0
1627480537.0782592,0.0,0.0
1627480537.125924,0.0,0.0
1627480537.1492486,0.0,0.0
1627480537.1965,0.0,0.0
1627480537.2449892,0.0,0.0
1627480537.2934513,0.0,0.0
1627480537.3413815,0.0,0.0
1627480537.3559465,0.0,0.0
1627480537.403663,0.0,0.0
1627480537.4423604,0.0,0.0
1627480537.4900515,0.0,0.0
1627480537.514715,0.0,0.0
1627480537.5641265,0.0,0.0
1627480537.6093645,0.0,0.0
1627480537.6309583,0.0,0.0
1627480537.678346,0.0,0.0
1627480537.6986222,0.0,0.0
1627480537.746938,0.0,0.0
1627480537.7705762,0.0,0.0
1627480537.819087,0.0,0.0
1627480537.8634815,0.0,0.0
1627480537.913484,0.0,0.0
1627480537.9584136,0.0,0.0
1627480538.0105042,0.0,0.0
1627480538.053625,0.0,0.0
1627480538.0686846,0.0,0.0
1627480538.1197422,0.0,0.0
1627480538.164851,0.0,0.0
1627480538.1790674,0.0,0.0
1627480538.2308862,0.0,0.0
1627480538.2511463,0.0,0.0
1627480538.3001032,0.0,0.0
1627480538.345267,0.0,0.0
1627480538.392924,0.0,0.0
1627480538.4355462,0.0,0.0
1627480538.4509542,0.0,0.0
1627480538.4991856,0.0,0.0
1627480538.5453866,0.0,0.0
1627480538.5732532,0.0,0.0
1627480538.6191256,0.0,0.0
1627480538.6366,0.0,0.0
1627480538.6903012,0.0,0.0
1627480538.745176,0.0,0.0
1627480538.8007655,0.0,0.0
1627480538.836217,0.0,0.0
1627480538.890477,0.0,0.0
1627480538.9116843,0.0,0.0
1627480538.9642708,0.0,0.0
1627480538.99749,0.0,0.0
1627480539.0492194,0.0,0.0
1627480539.0754142,0.0,0.0
1627480539.1268914,0.0,0.0
1627480539.1738305,0.0,0.0
1627480539.2269778,0.0,0.0
1627480539.2751818,0.0,0.0
1627480539.298193,0.0,0.0
1627480539.352325,0.0,0.0
1627480539.369363,0.0,0.0
1627480539.4209845,0.0,0.0
1627480539.4636927,0.0,0.0
1627480539.5128748,0.0,0.0
1627480539.533683,0.0,0.0
1627480539.583393,0.0,0.0
1627480539.6092598,0.0,0.0
1627480539.657697,0.0,0.0
1627480539.7027717,0.0,0.0
1627480539.7235913,0.0,0.0
1627480539.7695737,0.0,0.0
1627480539.7895803,0.0,0.0
1627480539.8403504,0.0,0.0
1627480539.8851144,0.0,0.0
1627480539.9291449,0.0,0.0
1627480540.0016842,0.0,0.0
1627480540.016817,0.0,0.0
1627480540.0684447,0.0,0.0
1627480540.1109354,0.0,0.0
1627480540.159525,0.0,0.0
1627480540.2020433,0.0,0.0
1627480540.258879,0.0,0.0
1627480540.3097005,0.0,0.0
1627480540.3637464,0.0,0.0
1627480540.3850744,0.0,0.0
1627480540.435761,0.0,0.0
1627480540.462194,0.0,0.0
1627480540.5146055,0.0,0.0
1627480540.5617745,0.0,0.0
1627480540.6158373,0.0,0.0
1627480540.661828,0.0,0.0
1627480540.71262,0.0,0.0
1627480540.7646213,0.0,0.0
1627480540.8152893,0.0,0.0
1627480540.840013,0.0,0.0
1627480540.8876832,0.0,0.0
1627480540.9272914,0.0,0.0
1627480540.9756594,0.0,0.0
1627480541.0054255,0.0,0.0
1627480541.0543826,0.0,0.0
1627480541.0795555,0.0,0.0
1627480541.1267078,0.0,0.0
1627480541.1756063,0.0,0.0
1627480541.2255058,0.0,0.0
1627480541.2746518,0.0,0.0
1627480541.3230333,0.0,0.0
1627480541.3524544,0.0,0.0
1627480541.4001906,0.0,0.0
1627480541.4254742,0.0,0.0
1627480541.473517,0.0,0.0
1627480541.5223296,0.0,0.0
1627480541.571366,0.0,0.0
1627480541.6223602,0.0,0.0
1627480541.669587,0.0,0.0
1627480541.7130878,0.0,0.0
1627480541.7618885,0.0,0.0
1627480541.8050997,0.0,0.0
1627480541.8304243,0.0,0.0
1627480541.8683324,0.0,0.0
1627480541.888801,0.0,0.0
1627480541.9377062,0.0,0.0
1627480541.9823642,0.0,0.0
1627480542.030473,0.0,0.0
1627480542.0731936,0.0,0.0
1627480542.0930238,0.0,0.0
1627480542.1349378,0.0,0.0
1627480542.1594381,0.0,0.0
1627480542.2076735,0.0,0.0
1627480542.2514436,0.0,0.0
1627480542.2688782,0.0,0.0
1627480542.314713,0.0,0.0
1627480542.357905,0.0,0.0
1627480542.4055207,0.0,0.0
1627480542.4484177,0.0,0.0
1627480542.4679978,0.0,0.0
1627480542.516794,0.0,0.0
1627480542.5419724,0.0,0.0
1627480542.5925894,0.0,0.0
1627480542.6360195,0.0,0.0
1627480542.6602392,0.0,0.0
1627480542.7091415,0.0,0.0
1627480542.7239237,0.0,0.0
1627480542.7724638,0.0,0.0
1627480542.8122616,0.0,0.0
1627480542.8602762,0.0,0.0
1627480542.9037263,0.0,0.0
1627480542.9186788,0.0,0.0
1627480542.9669554,0.0,0.0
1627480543.003136,0.0,0.0
1627480543.0518968,0.0,0.0
1627480543.0957506,0.0,0.0
1627480543.1104858,0.0,0.0
1627480543.158271,0.0,0.0
1627480543.2015831,0.0,0.0
1627480543.231055,0.0,0.0
1627480543.2781868,0.0,0.0
1627480543.2896156,0.0,0.0
1627480543.3376756,0.0,0.0
1627480543.374682,0.0,0.0
1627480543.424503,0.0,0.0
1627480543.4670649,0.0,0.0
1627480543.4874444,0.0,0.0
1627480543.5354977,0.0,0.0
1627480543.5601726,0.0,0.0
1627480543.6103075,0.0,0.0
1627480543.6548364,0.0,0.0
1627480543.7016523,0.0,0.0
1627480543.7521744,0.0,0.0
1627480543.801889,0.0,0.0
1627480543.826924,0.0,0.0
1627480543.8755195,0.0,0.0
1627480543.9242983,0.0,0.0
1627480543.9720287,0.0,0.0
1627480544.0203722,0.0,0.0
1627480544.0683548,0.0,0.0
1627480544.115144,0.0,0.0
1627480544.1351187,0.0,0.0
1627480544.1837413,0.0,0.0
1627480544.2124727,0.0,0.0
1627480544.2605717,0.0,0.0
1627480544.3095646,0.0,0.0
1627480544.357784,0.0,0.0
1627480544.406113,0.0,0.0
1627480544.4536767,0.0,0.0
1627480544.501694,0.0,0.0
1627480544.5508246,0.0,0.0
1627480544.6019464,0.0,0.0
1627480544.653228,0.0,0.0
1627480544.6940777,0.0,0.0
1627480544.7421706,0.0,0.0
1627480544.7892838,0.0,0.0
1627480544.809571,0.0,0.0
1627480544.8584297,0.0,0.0
1627480544.8824968,0.0,0.0
1627480544.9302254,0.0,0.0
1627480544.979772,0.0,0.0
1627480545.027967,0.0,0.0
1627480545.071105,0.0,0.0
1627480545.095808,0.0,0.0
1627480545.1396127,0.0,0.0
1627480545.1650112,0.0,0.0
1627480545.211938,0.0,0.0
1627480545.2559745,0.0,0.0
1627480545.2795448,0.0,0.0
1627480545.3186255,0.0,0.0
1627480545.3384068,0.0,0.0
1627480545.3888154,0.0,0.0
1627480545.4286768,0.0,0.0
1627480545.4483562,0.0,0.0
1627480545.4914973,0.0,0.0
1627480545.5317109,0.0,0.0
1627480545.5791466,0.0,0.0
1627480545.6064503,0.0,0.0
1627480545.657899,0.0,0.0
1627480545.6783164,0.0,0.0
1627480545.7262044,0.0,0.0
1627480545.7694476,0.0,0.0
1627480545.8200085,0.0,0.0
1627480545.8658018,0.0,0.0
1627480545.885845,0.0,0.0
1627480545.9285567,0.0,0.0
1627480545.948369,0.0,0.0
1627480545.995531,0.0,0.0
1627480546.0197408,0.0,0.0
1627480546.0682185,0.0,0.0
1627480546.1117508,0.0,0.0
1627480546.1269248,0.0,0.0
1627480546.175186,0.0,0.0
1627480546.2186403,0.0,0.0
1627480546.2677052,0.0,0.0
1627480546.3133228,0.0,0.0
1627480546.3611116,0.0,0.0
1627480546.4041648,0.0,0.0
1627480546.4334803,0.0,0.0
1627480546.476437,0.0,0.0
1627480546.4975615,0.0,0.0
1627480546.5468307,0.0,0.0
1627480546.562478,0.0,0.0
1627480546.6153371,0.0,0.0
1627480546.654255,0.0,0.0
1627480546.7020013,0.0,0.0
1627480546.7453253,0.0,0.0
1627480546.7694294,0.0,0.0
1627480546.813363,0.0,0.0
1627480546.834925,0.0,0.0
1627480546.8829103,0.0,0.0
1627480546.9278624,0.0,0.0
1627480546.9430387,0.0,0.0
1627480546.9914813,0.0,0.0
1627480547.0105844,0.0,0.0
1627480547.0582883,0.0,0.0
1627480547.1012995,0.0,0.0
1627480547.1165433,0.0,0.0
1627480547.1642976,0.0,0.0
1627480547.2032783,0.0,0.0
1627480547.250873,0.0,0.0
1627480547.2943406,0.0,0.0
1627480547.3434434,0.0,0.0
1627480547.392135,0.0,0.0
1627480547.4133103,0.0,0.0
1627480547.4656723,0.0,0.0
1627480547.4909208,0.0,0.0
1627480547.5402935,0.0,0.0
1627480547.591264,0.0,0.0
1627480547.645771,0.0,0.0
1627480547.6840959,0.0,0.0
1627480547.7336466,0.0,0.0
1627480547.7827938,0.0,0.0
1627480547.832252,0.0,0.0
1627480547.8824363,0.0,0.0
1627480547.93334,0.0,0.0
1627480547.9837534,0.0,0.0
1627480548.0362678,0.0,0.0
1627480548.0836554,0.0,0.0
1627480548.134565,0.0,0.0
1627480548.1800733,0.0,0.0
1627480548.2296038,0.0,0.0
1627480548.2612853,0.0,0.0
1627480548.3107483,0.0,0.0
1627480548.3394184,0.0,0.0
1627480548.386364,0.0,0.0
1627480548.4387288,0.0,0.0
1627480548.5174885,0.0,0.0
1627480548.57906,0.0,0.0
1627480548.6307118,0.0,0.0
1627480548.6806455,0.0,0.0
1627480548.7256968,0.0,0.0
1627480548.7777526,0.0,0.0
1627480548.7933059,0.0,0.0
1627480548.8444161,0.0,0.0
1627480548.8645253,0.0,0.0
1627480548.91397,0.0,0.0
1627480548.9591696,0.0,0.0
1627480548.9839332,0.0,0.0
1627480549.0280008,0.0,0.0
1627480549.0439134,0.0,0.0
1627480549.0932233,0.0,0.0
1627480549.1383371,0.0,0.0
1627480549.1872947,0.0,0.0
1627480549.2409687,0.0,0.0
1627480549.2612786,0.0,0.0
1627480549.3085725,0.0,0.0
1627480549.3337042,0.0,0.0
1627480549.3837562,0.0,0.0
1627480549.4285967,0.0,0.0
1627480549.477821,0.0,0.0
1627480549.5221138,0.0,0.0
1627480549.53777,0.0,0.0
1627480549.5874932,0.0,0.0
1627480549.6294637,0.0,0.0
1627480549.6783957,0.0,0.0
1627480549.7036884,0.0,0.0
1627480549.7541642,0.0,0.0
1627480549.7987618,0.0,0.0
1627480549.8144689,0.0,0.0
1627480549.8649158,0.0,0.0
1627480549.8849137,0.0,0.0
1627480549.9350243,0.0,0.0
1627480549.9807124,0.0,0.0
1627480550.0052297,0.0,0.0
1627480550.0506077,0.0,0.0
1627480550.0656157,0.0,0.0
1627480550.1151917,0.0,0.0
1627480550.1604052,0.0,0.0
1627480550.1857898,0.0,0.0
1627480550.2358634,0.0,0.0
1627480550.251156,0.0,0.0
1627480550.301679,0.0,0.0
1627480550.342467,0.0,0.0
1627480550.3918266,0.0,0.0
1627480550.411753,0.0,0.0
1627480550.4610708,0.0,0.0
1627480550.4859955,0.0,0.0
1627480550.536139,0.0,0.0
1627480550.5812123,0.0,0.0
1627480550.6060507,0.0,0.0
1627480550.6527202,0.0,0.0
1627480550.6678808,0.0,0.0
1627480550.7177725,0.0,0.0
1627480550.7628038,0.0,0.0
1627480550.778266,0.0,0.0
1627480550.8287113,0.0,0.0
1627480550.846594,0.0,0.0
1627480550.8941138,0.0,0.0
1627480550.9430816,0.0,0.0
1627480550.99277,0.0,0.0
1627480551.038503,0.0,0.0
1627480551.0876675,0.0,0.0
1627480551.108721,0.0,0.0
1627480551.156103,0.0,0.0
1627480551.1804626,0.0,0.0
1627480551.2325885,0.0,0.0
1627480551.2845576,0.0,0.0
1627480551.3328955,0.0,0.0
1627480551.401087,0.0,0.0
1627480551.4798517,0.0,0.0
1627480551.510876,0.0,0.0
1627480551.560763,0.0,0.0
1627480551.5849457,0.0,0.0
1627480551.6372037,0.0,0.0
1627480551.6825216,0.0,0.0
1627480551.7324753,0.0,0.0
1627480551.7827542,0.0,0.0
1627480551.7977724,0.0,0.0
1627480551.8550665,0.0,0.0
1627480551.8685946,0.0,0.0
1627480551.91794,0.0,0.0
1627480551.9701476,0.0,0.0
1627480552.0153487,0.0,0.0
1627480552.040644,0.0,0.0
1627480552.09231,0.0,0.0
1627480552.1411989,0.0,0.0
1627480552.1914668,0.0,0.0
1627480552.2426534,0.0,0.0
1627480552.2930138,0.0,0.0
1627480552.3424003,0.0,0.0
1627480552.391979,0.0,0.0
1627480552.441447,0.0,0.0
1627480552.4907832,0.0,0.0
1627480552.5379279,0.0,0.0
1627480552.5847545,0.0,0.0
1627480552.6310034,0.0,0.0
1627480552.6797676,0.0,0.0
1627480552.7297947,0.0,0.0
1627480552.778756,0.0,0.0
1627480552.8281777,0.0,0.0
1627480552.8781629,0.0,0.0
1627480552.9282558,0.0,0.0
1627480552.9780922,0.0,0.0
1627480553.0234027,0.0,0.0
1627480553.0389729,0.0,0.0
1627480553.0827146,0.0,0.0
1627480553.1080358,0.0,0.0
1627480553.156547,0.0,0.0
1627480553.2017045,0.0,0.0
1627480553.2207716,0.0,0.0
1627480553.2612233,0.0,0.0
1627480553.2871964,0.0,0.0
1627480553.3376324,0.0,0.0
1627480553.3831143,0.0,0.0
1627480553.4028697,0.0,0.0
1627480553.4481616,0.0,0.0
1627480553.4686997,0.0,0.0
1627480553.517885,0.0,0.0
1627480553.5627906,0.0,0.0
1627480553.6129541,0.0,0.0
1627480553.6601272,0.0,0.0
1627480553.6756082,0.0,0.0
1627480553.7247925,0.0,0.0
1627480553.7688303,0.0,0.0
1627480553.81784,0.0,0.0
1627480553.864141,0.0,0.0
1627480553.914097,0.0,0.0
1627480553.9335923,0.0,0.0
1627480553.9841168,0.0,0.0
1627480554.0082772,0.0,0.0
1627480554.0578163,0.0,0.0
1627480554.1022573,0.0,0.0
1627480554.1274674,0.0,0.0
1627480554.1777897,0.0,0.0
1627480554.1928353,0.0,0.0
1627480554.2415464,0.0,0.0
1627480554.278648,0.0,0.0
1627480554.3287566,0.0,0.0
1627480554.369569,0.0,0.0
1627480554.3946154,0.0,0.0
1627480554.4391212,0.0,0.0
1627480554.4618137,0.0,0.0
1627480554.5096123,0.0,0.0
1627480554.5547872,0.0,0.0
1627480554.6040459,0.0,0.0
1627480554.6599844,0.0,0.0
1627480554.7077188,0.0,0.0
1627480554.7476947,0.0,0.0
1627480554.7972803,0.0,0.0
1627480554.8370907,0.0,0.0
1627480554.8597326,0.0,0.0
1627480554.908324,0.0,0.0
1627480554.9283776,0.0,0.0
1627480554.9781554,0.0,0.0
1627480555.0074453,0.0,0.0
1627480555.0567172,0.0,0.0
1627480555.1024168,0.0,0.0
1627480555.1521754,0.0,0.0
1627480555.2015362,0.0,0.0
1627480555.250065,0.0,0.0
1627480555.3025203,0.0,0.0
1627480555.3499625,0.0,0.0
1627480555.4002242,0.0,0.0
1627480555.4495642,0.0,0.0
1627480555.4950843,0.0,0.0
1627480555.5442336,0.0,0.0
1627480555.5944886,0.0,0.0
1627480555.6460204,0.0,0.0
1627480555.6729126,0.0,0.0
1627480555.7214892,0.0,0.0
1627480555.7703738,0.0,0.0
1627480555.819866,0.0,0.0
1627480555.8705432,0.0,0.0
1627480555.9208243,0.0,0.0
1627480555.9443948,0.0,0.0
1627480555.9943697,0.0,0.0
1627480556.039574,0.0,0.0
1627480556.089695,0.0,0.0
1627480556.1085894,0.0,0.0
1627480556.158311,0.0,0.0
1627480556.2071302,0.0,0.0
1627480556.2592099,0.0,0.0
1627480556.3101482,0.0,0.0
1627480556.359683,0.0,0.0
1627480556.4006805,0.0,0.0
1627480556.4503334,0.0,0.0
1627480556.494898,0.0,0.0
1627480556.5449111,0.0,0.0
1627480556.5941494,0.0,0.0
1627480556.6097653,0.0,0.0
1627480556.6622403,0.0,0.0
1627480556.7069979,0.0,0.0
1627480556.7574723,0.0,0.0
1627480556.782309,0.0,0.0
1627480556.8323472,0.0,0.0
1627480556.8786821,0.0,0.0
1627480556.928208,0.0,0.0
1627480556.9582088,0.0,0.0
1627480557.00755,0.0,0.0
1627480557.032704,0.0,0.0
1627480557.0823648,0.0,0.0
1627480557.1281407,0.0,0.0
1627480557.1482341,0.0,0.0
1627480557.1975489,0.0,0.0
1627480557.2174394,0.0,0.0
1627480557.2688868,0.0,0.0
1627480557.2934923,0.0,0.0
1627480557.3426862,0.0,0.0
1627480557.3883681,0.0,0.0
1627480557.4088209,0.0,0.0
1627480557.4582798,0.0,0.0
1627480557.4749787,0.0,0.0
1627480557.5228882,0.0,0.0
1627480557.5687525,0.0,0.0
1627480557.6176367,0.0,0.0
1627480557.6378498,0.0,0.0
1627480557.6911345,0.0,0.0
1627480557.7173479,0.0,0.0
1627480557.7670922,0.0,0.0
1627480557.811429,0.0,0.0
1627480557.8273427,0.0,0.0
1627480557.878146,0.0,0.0
1627480557.898738,0.0,0.0
1627480557.9479976,0.0,0.0
1627480557.9970212,0.0,0.0
1627480558.047333,0.0,0.0
1627480558.0970557,0.0,0.0
1627480558.1469183,0.0,0.0
1627480558.1908345,0.0,0.0
1627480558.2413893,0.0,0.0
1627480558.2871044,0.0,0.0
1627480558.3021548,0.0,0.0
1627480558.3514144,0.0,0.0
1627480558.376076,0.0,0.0
1627480558.424964,0.0,0.0
1627480558.472006,0.0,0.0
1627480558.4899893,0.0,0.0
1627480558.535243,0.0,0.0
1627480558.551027,0.0,0.0
1627480558.6011803,0.0,0.0
1627480558.6521525,0.0,0.0
1627480558.7037375,0.0,0.0
1627480558.7354534,0.0,0.0
1627480558.7847936,0.0,0.0
1627480558.8314197,0.0,0.0
1627480558.8826106,0.0,0.0
1627480558.9077733,0.0,0.0
1627480558.9579773,0.0,0.0
1627480558.9773626,0.0,0.0
1627480559.0255706,0.0,0.0
1627480559.076231,0.0,0.0
1627480559.1250193,0.0,0.0
1627480559.1703672,0.0,0.0
1627480559.185193,0.0,0.0
1627480559.2351077,0.0,0.0
1627480559.2555156,0.0,0.0
1627480559.3058758,0.0,0.0
1627480559.3515704,0.0,0.0
1627480559.4006562,0.0,0.0
1627480559.4509525,0.0,0.0
1627480559.5018654,0.0,0.0
1627480559.5508277,0.0,0.0
1627480559.603401,0.0,0.0
1627480559.6502438,0.0,0.0
1627480559.7027004,0.0,0.0
1627480559.7526689,0.0,0.0
1627480559.8021157,0.0,0.0
1627480559.827767,0.0,0.0
1627480559.8782802,0.0,0.0
1627480559.9285557,0.0,0.0
1627480559.9496396,0.0,0.0
1627480559.998494,0.0,0.0
1627480560.0181954,0.0,0.0
1627480560.0678742,0.0,0.0
1627480560.117835,0.0,0.0
1627480560.133525,0.0,0.0
1627480560.1834419,0.0,0.0
1627480560.207812,0.0,0.0
1627480560.257514,0.0,0.0
1627480560.3086286,0.0,0.0
1627480560.3576682,0.0,0.0
1627480560.402466,0.0,0.0
1627480560.4273229,0.0,0.0
1627480560.4680142,0.0,0.0
1627480560.4887242,0.0,0.0
1627480560.53718,0.0,0.0
1627480560.5627036,0.0,0.0
1627480560.6119099,0.0,0.0
1627480560.6566138,0.0,0.0
1627480560.6835046,0.0,0.0
1627480560.7300837,0.0,0.0
1627480560.7490997,0.0,0.0
1627480560.7992675,0.0,0.0
1627480560.8233147,0.0,0.0
1627480560.8731458,0.0,0.0
1627480560.9195843,0.0,0.0
1627480560.9348683,0.0,0.0
1627480560.984143,0.0,0.0
1627480561.0041833,0.0,0.0
1627480561.0547228,0.0,0.0
1627480561.1008582,0.0,0.0
1627480561.1156492,0.0,0.0
1627480561.165487,0.0,0.0
1627480561.1850588,0.0,0.0
1627480561.2340965,0.0,0.0
1627480561.282548,0.0,0.0
1627480561.3062353,0.0,0.0
1627480561.352075,0.0,0.0
1627480561.3670866,0.0,0.0
1627480561.416019,0.0,0.0
1627480561.461884,0.0,0.0
1627480561.4821312,0.0,0.0
1627480561.5279286,0.0,0.0
1627480561.549256,0.0,0.0
1627480561.597254,0.0,0.0
1627480561.6422744,0.0,0.0
1627480561.6619768,0.0,0.0
1627480561.7137792,0.0,0.0
1627480561.7290673,0.0,0.0
1627480561.7776384,0.0,0.0
1627480561.818429,0.0,0.0
1627480561.870494,0.0,0.0
1627480561.901412,0.0,0.0
1627480561.9509206,0.0,0.0
1627480561.9818995,0.0,0.0
1627480562.030882,0.0,0.0
1627480562.0618484,0.0,0.0
1627480562.1103134,0.0,0.0
1627480562.1405241,0.0,0.0
1627480562.1896071,0.0,0.0
1627480562.2146413,0.0,0.0
1627480562.265785,0.0,0.0
1627480562.309324,0.0,0.0
1627480562.3595974,0.0,0.0
1627480562.4032998,0.0,0.0
1627480562.4529617,0.0,0.0
1627480562.4933078,0.0,0.0
1627480562.513586,0.0,0.0
1627480562.5632026,0.0,0.0
1627480562.587653,0.0,0.0
1627480562.6376092,0.0,0.0
1627480562.6770136,0.0,0.0
1627480562.7047448,0.0,0.0
1627480562.7504244,0.0,0.0
1627480562.771365,0.0,0.0
1627480562.821056,0.0,0.0
1627480562.8610535,0.0,0.0
1627480562.8865206,0.0,0.0
1627480562.925837,0.0,0.0
1627480562.9458528,0.0,0.0
1627480562.9948003,0.0,0.0
1627480563.0442035,0.0,0.0
1627480563.0937092,0.0,0.0
1627480563.1328726,0.0,0.0
1627480563.152882,0.0,0.0
1627480563.2016473,0.0,0.0
1627480563.2264438,0.0,0.0
1627480563.2749562,0.0,0.0
1627480563.3241858,0.0,0.0
1627480563.3725128,0.0,0.0
1627480563.4216561,0.0,0.0
1627480563.471659,0.0,0.0
1627480563.5104866,0.0,0.0
1627480563.5299237,0.0,0.0
1627480563.5794685,0.0,0.0
1627480563.5992737,0.0,0.0
1627480563.6491811,0.0,0.0
1627480563.7011278,0.0,0.0
1627480563.7556422,0.0,0.0
1627480563.8044598,0.0,0.0
1627480563.8561842,0.0,0.0
1627480563.9072084,0.0,0.0
1627480563.957486,0.0,0.0
1627480563.9824512,0.0,0.0
1627480564.0315332,0.0,0.0
1627480564.0726106,0.0,0.0
1627480564.122119,0.0,0.0
1627480564.173052,0.0,0.0
1627480564.198228,0.0,0.0
1627480564.2738416,0.0,0.0
1627480564.2955787,0.0,0.0
1627480564.348008,0.0,0.0
1627480564.3988504,0.0,0.0
1627480564.4498467,0.0,0.0
1627480564.5002146,0.0,0.0
1627480564.5525448,0.0,0.0
1627480564.5993419,0.0,0.0
1627480564.6159987,0.0,0.0
1627480564.6682234,0.0,0.0
1627480564.6828191,0.0,0.0
1627480564.7347105,0.0,0.0
1627480564.774654,0.0,0.0
1627480564.8265219,0.0,0.0
1627480564.8735657,0.0,0.0
1627480564.9283266,0.0,0.0
1627480564.9736793,0.0,0.0
1627480564.9885464,0.0,0.0
1627480565.032463,0.0,0.0
1627480565.057531,0.0,0.0
1627480565.1079745,0.0,0.0
1627480565.1522465,0.0,0.0
1627480565.1775653,0.0,0.0
1627480565.2234976,0.0,0.0
1627480565.2395668,0.0,0.0
1627480565.2924888,0.0,0.0
1627480565.337805,0.0,0.0
1627480565.3843534,0.0,0.0
1627480565.429942,0.0,0.0
1627480565.4454925,0.0,0.0
1627480565.497814,0.0,0.0
1627480565.5228548,0.0,0.0
1627480565.5727136,0.0,0.0
1627480565.6185622,0.0,0.0
1627480565.633147,0.0,0.0
1627480565.6827848,0.0,0.0
1627480565.6984735,0.0,0.0
1627480565.7487013,0.0,0.0
1627480565.78632,0.0,0.0
1627480565.8360393,0.0,0.0
1627480565.880118,0.0,0.0
1627480565.9294615,0.0,0.0
1627480565.9742525,0.0,0.0
1627480565.994241,0.0,0.0
1627480566.038977,0.0,0.0
1627480566.0579462,0.0,0.0
1627480566.1072292,0.0,0.0
1627480566.1371245,0.0,0.0
1627480566.1860294,0.0,0.0
1627480566.2252843,0.0,0.0
1627480566.2761738,0.0,0.0
1627480566.3226986,0.0,0.0
1627480566.3373601,0.0,0.0
1627480566.3869684,0.0,0.0
1627480566.4069197,0.0,0.0
1627480566.4568305,0.0,0.0
1627480566.5012252,0.0,0.0
1627480566.521397,0.0,0.0
1627480566.5599227,0.0,0.0
1627480566.5799937,0.0,0.0
1627480566.6296272,0.0,0.0
1627480566.6744199,0.0,0.0
1627480566.6901016,0.0,0.0
1627480566.7427814,0.0,0.0
1627480566.7667413,0.0,0.0
1627480566.8172271,0.0,0.0
1627480566.8430574,0.0,0.0
1627480566.893647,0.0,0.0
1627480566.9139175,0.0,0.0
1627480566.9639812,0.0,0.0
1627480567.008406,0.0,0.0
1627480567.0225422,0.0,0.0
1627480567.07279,0.0,0.0
1627480567.0925202,0.0,0.0
1627480567.142519,0.0,0.0
1627480567.1881385,0.0,0.0
1627480567.20328,0.0,0.0
1627480567.2535007,0.0,0.0
1627480567.2681122,0.0,0.0
1627480567.317896,0.0,0.0
1627480567.3675134,0.0,0.0
1627480567.4177434,0.0,0.0
1627480567.4626708,0.0,0.0
1627480567.4819744,0.0,0.0
1627480567.5278416,0.0,0.0
1627480567.547655,0.0,0.0
1627480567.5968795,0.0,0.0
1627480567.621752,0.0,0.0
1627480567.6703782,0.0,0.0
1627480567.7149582,0.0,0.0
1627480567.729848,0.0,0.0
1627480567.782167,0.0,0.0
1627480567.8078928,0.0,0.0
1627480567.8571312,0.0,0.0
1627480567.907238,0.0,0.0
1627480567.918688,0.0,0.0
1627480567.968781,0.0,0.0
1627480567.9831033,0.0,0.0
1627480568.0329378,0.0,0.0
1627480568.0780456,0.0,0.0
1627480568.1036303,0.0,0.0
1627480568.1431682,0.0,0.0
1627480568.16793,0.0,0.0
1627480568.2176616,0.0,0.0
1627480568.2618887,0.0,0.0
1627480568.2806692,0.0,0.0
1627480568.3195035,0.0,0.0
1627480568.3446348,0.0,0.0
1627480568.38995,0.0,0.0
1627480568.4390974,0.0,0.0
1627480568.4540155,0.0,0.0
1627480568.5045662,0.0,0.0
1627480568.5432985,0.0,0.0
1627480568.5884936,0.0,0.0
1627480568.6386983,0.0,0.0
1627480568.6537366,0.0,0.0
1627480568.7041433,0.0,0.0
1627480568.742761,0.0,0.0
1627480568.7918334,0.0,0.0
1627480568.832361,0.0,0.0
1627480568.8826547,0.0,0.0
1627480568.9040632,0.0,0.0
1627480568.9526882,0.0,0.0
1627480568.9773507,0.0,0.0
1627480569.0269103,0.0,0.0
1627480569.0720894,0.0,0.0
1627480569.0924397,0.0,0.0
1627480569.1380565,0.0,0.0
1627480569.1577666,0.0,0.0
1627480569.2065074,0.0,0.0
1627480569.25044,0.0,0.0
1627480569.270831,0.0,0.0
1627480569.3153775,0.0,0.0
1627480569.3402843,0.0,0.0
1627480569.3900797,0.0,0.0
1627480569.4347816,0.0,0.0
1627480569.4844341,0.0,0.0
1627480569.5312364,0.0,0.0
1627480569.5514915,0.0,0.0
1627480569.6008995,0.0,0.0
1627480569.616069,0.0,0.0
1627480569.6654267,0.0,0.0
1627480569.711258,0.0,0.0
1627480569.760558,0.0,0.0
1627480569.7752128,0.0,0.0
1627480569.8274848,0.0,0.0
1627480569.862773,0.0,0.0
1627480569.9146338,0.0,0.0
1627480569.9377744,0.0,0.0
1627480569.9879835,0.0,0.0
1627480570.027575,0.0,0.0
1627480570.0520265,0.0,0.0
1627480570.0956964,0.0,0.0
1627480570.1162417,0.0,0.0
1627480570.164988,0.0,0.0
1627480570.2110589,0.0,0.0
1627480570.231558,0.0,0.0
1627480570.276318,0.0,0.0
1627480570.291358,0.0,0.0
1627480570.3404422,0.0,0.0
1627480570.3798492,0.0,0.0
1627480570.4051843,0.0,0.0
1627480570.4504097,0.0,0.0
1627480570.4707701,0.0,0.0
1627480570.5226412,0.0,0.0
1627480570.5707695,0.0,0.0
1627480570.5852573,0.0,0.0
1627480570.6353931,0.0,0.0
1627480570.655486,0.0,0.0
1627480570.705469,0.0,0.0
1627480570.7543216,0.0,0.0
1627480570.8119957,0.0,0.0
1627480570.8633165,0.0,0.0
1627480570.8799295,0.0,0.0
1627480570.9336832,0.0,0.0
1627480570.9497557,0.0,0.0
1627480571.0025635,0.0,0.0
1627480571.045794,0.0,0.0
1627480571.0664344,0.0,0.0
1627480571.1168773,0.0,0.0
1627480571.137326,0.0,0.0
1627480571.1907895,0.0,0.0
1627480571.2332826,0.0,0.0
1627480571.2551394,0.0,0.0
1627480571.312787,0.0,0.0
1627480571.3282168,0.0,0.0
1627480571.3800132,0.0,0.0
1627480571.423117,0.0,0.0
1627480571.4484644,0.0,0.0
1627480571.4936485,0.0,0.0
1627480571.5124152,0.0,0.0
1627480571.5617523,0.0,0.0
1627480571.5898707,0.0,0.0
1627480571.6420324,0.0,0.0
1627480571.6838737,0.0,0.0
1627480571.7331715,0.0,0.0
1627480571.7757897,0.0,0.0
1627480571.8321693,0.0,0.0
1627480571.8778174,0.0,0.0
1627480571.8993242,0.0,0.0
1627480571.9493492,0.0,0.0
1627480571.9646308,0.0,0.0
1627480572.0151253,0.0,0.0
1627480572.056992,0.0,0.0
1627480572.1284375,0.0,0.0
1627480572.173056,0.0,0.0
1627480572.2166922,0.0,0.0
1627480572.2410748,0.0,0.0
1627480572.2859426,0.0,0.0
1627480572.336715,0.0,0.0
1627480572.351675,0.0,0.0
1627480572.4034297,0.0,0.0
1627480572.4446628,0.0,0.0
1627480572.4641008,0.0,0.0
1627480572.5028632,0.0,0.0
1627480572.5476277,0.0,0.0
1627480572.5969853,0.0,0.0
1627480572.616858,0.0,0.0
1627480572.6668365,0.0,0.0
1627480572.7039506,0.0,0.0
1627480572.7284825,0.0,0.0
1627480572.7716444,0.0,0.0
1627480572.7965147,0.0,0.0
1627480572.84689,0.0,0.0
1627480572.8911638,0.0,0.0
1627480572.9113224,0.0,0.0
1627480572.9578636,0.0,0.0
1627480572.978521,0.0,0.0
1627480573.0303555,0.0,0.0
1627480573.0804014,0.0,0.0
1627480573.0952923,0.0,0.0
1627480573.1463292,0.0,0.0
1627480573.1671164,0.0,0.0
1627480573.2170105,0.0,0.0
1627480573.2633307,0.0,0.0
1627480573.2854261,0.0,0.0
1627480573.3303106,0.0,0.0
1627480573.3516154,0.0,0.0
1627480573.4005244,0.0,0.0
1627480573.4274712,0.0,0.0
1627480573.476967,0.0,0.0
1627480573.5239408,0.0,0.0
1627480573.540359,0.0,0.0
1627480573.5900722,0.0,0.0
1627480573.6153848,0.0,0.0
1627480573.6658063,0.0,0.0
1627480573.710103,0.0,0.0
1627480573.726381,0.0,0.0
1627480573.7763162,0.0,0.0
1627480573.7992377,0.0,0.0
1627480573.851756,0.0,0.0
1627480573.8920548,0.0,0.0
1627480573.9121232,0.0,0.0
1627480573.9628446,0.0,0.0
1627480573.9830482,0.0,0.0
1627480574.0329,0.0,0.0
1627480574.0783622,0.0,0.0
1627480574.093769,0.0,0.0
1627480574.144415,0.0,0.0
1627480574.159927,0.0,0.0
1627480574.2087774,0.0,0.0
1627480574.2502093,0.0,0.0
1627480574.2705102,0.0,0.0
1627480574.3230925,0.0,0.0
1627480574.3492362,0.0,0.0
1627480574.3986232,0.0,0.0
1627480574.4442446,0.0,0.0
1627480574.4600756,0.0,0.0
1627480574.5101933,0.0,0.0
1627480574.525256,0.0,0.0
1627480574.574741,0.0,0.0
1627480574.6147625,0.0,0.0
1627480574.6354237,0.0,0.0
1627480574.6860738,0.0,0.0
1627480574.7058284,0.0,0.0
1627480574.754417,0.0,0.0
1627480574.7940037,0.0,0.0
1627480574.8211544,0.0,0.0
1627480574.870546,0.0,0.0
1627480574.8852265,0.0,0.0
1627480574.9349575,0.0,0.0
1627480575.0107472,0.0,0.0
1627480575.0367858,0.0,0.0
1627480575.0871987,0.0,0.0
1627480575.1070735,0.0,0.0
1627480575.1566086,0.0,0.0
1627480575.2009997,0.0,0.0
1627480575.2160716,0.0,0.0
1627480575.2639148,0.0,0.0
1627480575.2980998,0.0,0.0
1627480575.341579,0.0,0.0
1627480575.3899074,0.0,0.0
1627480575.4051077,0.0,0.0
1627480575.453228,0.0,0.0
1627480575.4754164,0.0,0.0
1627480575.5170808,0.0,0.0
1627480575.5668874,0.0,0.0
1627480575.5862243,0.0,0.0
1627480575.6349318,0.0,0.0
1627480575.654748,0.0,0.0
1627480575.6988308,0.0,0.0
1627480575.7470663,0.0,0.0
1627480575.7668295,0.0,0.0
1627480575.8110397,0.0,0.0
1627480575.8580692,0.0,0.0
1627480575.9016051,0.0,0.0
1627480575.921504,0.0,0.0
1627480575.965302,0.0,0.0
1627480576.014078,0.0,0.0
1627480576.033539,0.0,0.0
1627480576.082448,0.0,0.0
1627480576.1067019,0.0,0.0
1627480576.1507294,0.0,0.0
1627480576.1991007,0.0,0.0
1627480576.21393,0.0,0.0
1627480576.2574487,0.0,0.0
1627480576.3077986,0.0,0.0
1627480576.3227372,0.0,0.0
1627480576.3723536,0.0,0.0
1627480576.4093173,0.0,0.0
1627480576.4580162,0.0,0.0
1627480576.5015976,0.0,0.0
1627480576.521839,0.0,0.0
1627480576.5705404,0.0,0.0
1627480576.585457,0.0,0.0
1627480576.6325278,0.0,0.0
1627480576.6697116,0.0,0.0
1627480576.7175207,0.0,0.0
1627480576.76157,0.0,0.0
1627480576.7871273,0.0,0.0
1627480576.8369179,0.0,0.0
1627480576.8514836,0.0,0.0
1627480576.8996968,0.0,0.0
1627480576.9398715,0.0,0.0
1627480576.98885,0.0,0.0
1627480577.0776346,0.0,0.0
1627480577.0828602,0.0,0.0
1627480577.0828958,0.0,0.0
1627480577.20613,0.0,0.0
1627480577.2168438,0.0,0.0
1627480577.2168732,0.0,0.0
1627480577.2278304,0.0,0.0
1627480577.337549,0.0,0.0
1627480577.3448143,0.0,0.0
1627480577.3449605,0.0,0.0
1627480577.469071,0.0,0.0
1627480577.4742482,0.0,0.0
1627480577.4742646,0.0,0.0
1627480577.491369,0.0,0.0
1627480577.6012962,0.0,0.0
1627480577.6062405,0.0,0.0
1627480577.6107366,0.0,0.0
1627480577.7357702,0.0,0.0
1627480577.747242,0.0,0.0
1627480577.7591772,0.0,0.0
1627480577.869544,0.0,0.0
1627480577.8743424,0.0,0.0
1627480577.8778577,0.0,0.0
1627480578.0446157,0.0,0.0
1627480578.0497313,0.0,0.0
1627480578.0497706,0.0,0.0
1627480578.0724444,0.0,0.0
1627480578.2141802,0.0,0.0
1627480578.2194996,0.0,0.0
1627480578.2195034,0.0,0.0
1627480578.2447803,0.0,0.0
1627480578.3869874,0.0,0.0
1627480578.3932605,0.0,0.0
1627480578.3932736,0.0,0.0
1627480578.3932831,0.0,0.0
1627480578.4812267,0.0,0.0
1627480578.4844916,0.0,0.0
1627480578.5009491,0.0,0.0
1627480578.580205,0.0,0.0
1627480578.5835567,0.0,0.0
1627480578.6220832,0.0,0.0
1627480578.7579265,0.0,0.0
1627480578.7579772,0.0,0.0
1627480578.7581234,0.0,0.0
1627480578.7607799,0.0,0.0
1627480578.9245172,0.0,0.0
1627480578.9290838,0.0,0.0
1627480578.9290924,0.0,0.0
1627480578.9391456,0.0,0.0
1627480578.9519827,0.0,0.0
1627480579.0981266,0.0,0.0
1627480579.1021929,0.0,0.0
1627480579.102202,0.0,0.0
1627480579.1115384,0.0,0.0
1627480579.221964,0.0,0.0
1627480579.225705,0.0,0.0
1627480579.2257135,0.0,0.0
1627480579.394406,0.0,0.0
1627480579.4036624,0.0,0.0
1627480579.4036863,0.0,0.0
1627480579.4037087,0.0,0.0
1627480579.4056852,0.0,0.0
1627480579.567233,0.0,0.0
1627480579.577552,0.0,0.0
1627480579.577574,0.0,0.0
1627480579.5775816,0.0,0.0
1627480579.5880606,0.0,0.0
1627480579.7395663,0.0,0.0
1627480579.7473156,0.0,0.0
1627480579.7473242,0.0,0.0
1627480579.7486773,0.0,0.0
1627480579.7699602,0.0,0.0
1627480579.9137554,0.0,0.0
1627480579.9174583,0.0,0.0
1627480579.9174662,0.0,0.0
1627480579.9468782,0.0,0.0
1627480580.088165,0.0,0.0
1627480580.092859,0.0,0.0
1627480580.0928771,0.0,0.0
1627480580.0928867,0.0,0.0
1627480580.130198,0.0,0.0
1627480580.2647157,0.0,0.0
1627480580.2684462,0.0,0.0
1627480580.268452,0.0,0.0
1627480580.268457,0.0,0.0
1627480580.4315562,0.0,0.0
1627480580.4395285,0.0,0.0
1627480580.439625,0.0,0.0
1627480580.4396408,0.0,0.0
1627480580.4428523,0.0,0.0
1627480580.5664876,0.0,0.0
1627480580.5776749,0.0,0.0
1627480580.579618,0.0,0.0
1627480580.704361,0.0,0.0
1627480580.7087536,0.0,0.0
1627480580.7087657,0.0,0.0
1627480580.708786,0.0,0.0
1627480580.7960985,0.0,0.0
1627480580.8056145,0.0,0.0
1627480580.8167548,0.0,0.0
1627480580.8676164,0.0,0.0
1627480580.9111125,0.0,0.0
1627480580.9638796,0.0,0.0
1627480580.9793851,0.0,0.0
1627480581.0307434,0.0,0.0
1627480581.0748336,0.0,0.0
1627480581.1291199,0.0,0.0
1627480581.1633766,0.0,0.0
1627480581.2184167,0.0,0.0
1627480581.2399664,0.0,0.0
1627480581.2963421,0.0,0.0
1627480581.321985,0.0,0.0
1627480581.3735006,0.0,0.0
1627480581.419566,0.0,0.0
1627480581.4699044,0.0,0.0
1627480581.5169084,0.0,0.0
1627480581.5308733,0.0,0.0
1627480581.5799685,0.0,0.0
1627480581.6193197,0.0,0.0
1627480581.6673014,0.0,0.0
1627480581.7129626,0.0,0.0
1627480581.7640638,0.0,0.0
1627480581.8104146,0.0,0.0
1627480581.8254962,0.0,0.0
1627480581.8771973,0.0,0.0
1627480581.8934216,0.0,0.0
1627480581.9473422,0.0,0.0
1627480581.983738,0.0,0.0
1627480582.0336547,0.0,0.0
1627480582.08031,0.0,0.0
1627480582.1319666,0.0,0.0
1627480582.17762,0.0,0.0
1627480582.2271984,0.0,0.0
1627480582.267255,0.0,0.0
1627480582.2896442,0.0,0.0
1627480582.3404007,0.0,0.0
1627480582.366342,0.0,0.0
1627480582.4160824,0.0,0.0
1627480582.462089,0.0,0.0
1627480582.4773686,0.0,0.0
1627480582.5265436,0.0,0.0
1627480582.5427904,0.0,0.0
1627480582.5894783,0.0,0.0
1627480582.6402807,0.0,0.0
1627480582.6611047,0.0,0.0
1627480582.7071831,0.0,0.0
1627480582.7329297,0.0,0.0
1627480582.779054,0.0,0.0
1627480582.830393,0.0,0.0
1627480582.8482711,0.0,0.0
1627480582.8915968,0.0,0.0
1627480582.9445953,0.0,0.0
1627480582.9651556,0.0,0.0
1627480583.0108426,0.0,0.0
1627480583.0362859,0.0,0.0
1627480583.0821598,0.0,0.0
1627480583.133584,0.0,0.0
1627480583.1556294,0.0,0.0
1627480583.1993992,0.0,0.0
1627480583.235793,0.0,0.0
1627480583.2803535,0.0,0.0
1627480583.3121188,0.0,0.0
1627480583.3601801,0.0,0.0
1627480583.4095528,0.0,0.0
1627480583.4300835,0.0,0.0
1627480583.475565,0.0,0.0
1627480583.4971514,0.0,0.0
1627480583.5415478,0.0,0.0
1627480583.593073,0.0,0.0
1627480583.6136968,0.0,0.0
1627480583.6647248,0.0,0.0
1627480583.69053,0.0,0.0
1627480583.7354493,0.0,0.0
1627480583.786351,0.0,0.0
1627480583.802627,0.0,0.0
1627480583.8461463,0.0,0.0
1627480583.8920867,0.0,0.0
1627480583.913795,0.0,0.0
1627480583.9683962,0.0,0.0
1627480583.9897428,0.0,0.0
1627480584.0343435,0.0,0.0
1627480584.077797,0.0,0.0
1627480584.1288571,0.0,0.0
1627480584.1694686,0.0,0.0
1627480584.2130694,0.0,0.0
1627480584.26082,0.0,0.0
1627480584.2755404,0.0,0.0
1627480584.3318722,0.0,0.0
1627480584.3945377,0.0,0.0
1627480584.4491322,0.0,0.0
1627480584.473046,0.0,0.0
1627480584.5201566,0.0,0.0
1627480584.56514,0.0,0.0
1627480584.591518,0.0,0.0
1627480584.637828,0.0,0.0
1627480584.653748,0.0,0.0
1627480584.704449,0.0,0.0
1627480584.7441053,0.0,0.0
1627480584.7944157,0.0,0.0
1627480584.8412316,0.0,0.0
1627480584.8568912,0.0,0.0
1627480584.9091842,0.0,0.0
1627480584.9247313,0.0,0.0
1627480584.978569,0.0,0.0
1627480585.0180128,0.0,0.0
1627480585.0689714,0.0,0.0
1627480585.1170485,0.0,0.0
1627480585.1334743,0.0,0.0
1627480585.1841893,0.0,0.0
1627480585.2049346,0.0,0.0
1627480585.2569795,0.0,0.0
1627480585.3025262,0.0,0.0
1627480585.3181288,0.0,0.0
1627480585.366169,0.0,0.0
1627480585.3814566,0.0,0.0
1627480585.42813,0.0,0.0
1627480585.4705615,0.0,0.0
1627480585.4898078,0.0,0.0
1627480585.5326173,0.0,0.0
1627480585.5713346,0.0,0.0
1627480585.618804,0.0,0.0
1627480585.6427147,0.0,0.0
1627480585.6902375,0.0,0.0
1627480585.7329,0.0,0.0
1627480585.7568839,0.0,0.0
1627480585.7990563,0.0,0.0
1627480585.818895,0.0,0.0
1627480585.9001303,0.0,0.0
1627480585.9330473,0.0,0.0
1627480585.9818966,0.0,0.0
1627480586.006389,0.0,0.0
1627480586.0536819,0.0,0.0
1627480586.0776017,0.0,0.0
1627480586.1252422,0.0,0.0
1627480586.167067,0.0,0.0
1627480586.2108965,0.0,0.0
1627480586.2539992,0.0,0.0
1627480586.2776833,0.0,0.0
1627480586.3230658,0.0,0.0
1627480586.34715,0.0,0.0
1627480586.3949816,0.0,0.0
1627480586.438289,0.0,0.0
1627480586.4581006,0.0,0.0
1627480586.5000973,0.0,0.0
1627480586.520024,0.0,0.0
1627480586.5691397,0.0,0.0
1627480586.6102288,0.0,0.0
1627480586.6297674,0.0,0.0
1627480586.6775384,0.0,0.0
1627480586.7011433,0.0,0.0
1627480586.7440536,0.0,0.0
1627480586.79161,0.0,0.0
1627480586.8069816,0.0,0.0
1627480586.8499928,0.0,0.0
1627480586.8989596,0.0,0.0
1627480586.9137614,0.0,0.0
1627480586.959946,0.0,0.0
1627480587.0005605,0.0,0.0
1627480587.043459,0.0,0.0
1627480587.0917716,0.0,0.0
1627480587.105871,0.0,0.0
1627480587.14897,0.0,0.0
1627480587.1970751,0.0,0.0
1627480587.2170413,0.0,0.0
1627480587.2600088,0.0,0.0
1627480587.3049986,0.0,0.0
1627480587.347907,0.0,0.0
1627480587.393224,0.0,0.0
1627480587.439539,0.0,0.0
1627480587.459771,0.0,0.0
1627480587.5027664,0.0,0.0
1627480587.536626,0.0,0.0
1627480587.5835724,0.0,0.0
1627480587.6336987,0.0,0.0
1627480587.6486542,0.0,0.0
1627480587.696492,0.0,0.0
1627480587.73017,0.0,0.0
1627480587.7790663,0.0,0.0
1627480587.8198166,0.0,0.0
1627480587.8709357,0.0,0.0
1627480587.9117537,0.0,0.0
1627480587.9632018,0.0,0.0
1627480588.0098338,0.0,0.0
1627480588.0241747,0.0,0.0
1627480588.0722482,0.0,0.0
1627480588.0910697,0.0,0.0
1627480588.1384888,0.0,0.0
1627480588.1814294,0.0,0.0
1627480588.20074,0.0,0.0
1627480588.2441967,0.0,0.0
1627480588.2622316,0.0,0.0
1627480588.3083072,0.0,0.0
1627480588.3499503,0.0,0.0
1627480588.3636663,0.0,0.0
1627480588.4112766,0.0,0.0
1627480588.4530387,0.0,0.0
1627480588.467443,0.0,0.0
1627480588.5146883,0.0,0.0
1627480588.5568886,0.0,0.0
1627480588.576438,0.0,0.0
1627480588.6179185,0.0,0.0
1627480588.6363733,0.0,0.0
1627480588.6853082,0.0,0.0
1627480588.725813,0.0,0.0
1627480588.7408047,0.0,0.0
1627480588.789382,0.0,0.0
1627480588.8344462,0.0,0.0
1627480588.8540492,0.0,0.0
1627480588.897086,0.0,0.0
1627480588.9165964,0.0,0.0
1627480588.9669783,0.0,0.0
1627480588.992157,0.0,0.0
1627480589.0380192,0.0,0.0
1627480589.0803788,0.0,0.0
1627480589.0955927,0.0,0.0
1627480589.1415045,0.0,0.0
1627480589.1846662,0.0,0.0
1627480589.2312992,0.0,0.0
1627480589.2737489,0.0,0.0
1627480589.2894506,0.0,0.0
1627480589.3369465,0.0,0.0
1627480589.3752265,0.0,0.0
1627480589.3982313,0.0,0.0
1627480589.440063,0.0,0.0
1627480589.4640148,0.0,0.0
1627480589.5110495,0.0,0.0
1627480589.5529287,0.0,0.0
1627480589.567376,0.0,0.0
1627480589.6151383,0.0,0.0
1627480589.6570723,0.0,0.0
1627480589.7033563,0.0,0.0
1627480589.7459652,0.0,0.0
1627480589.7596498,0.0,0.0
1627480589.808077,0.0,0.0
1627480589.851185,0.0,0.0
1627480589.8656225,0.0,0.0
1627480589.9138358,0.0,0.0
1627480589.9522645,0.0,0.0
1627480590.0014122,0.0,0.0
1627480590.02468,0.0,0.0
1627480590.0742202,0.0,0.0
1627480590.1191638,0.0,0.0
1627480590.1681185,0.0,0.0
1627480590.213726,0.0,0.0
1627480590.2360816,0.0,0.0
1627480590.2836552,0.0,0.0
1627480590.3035262,0.0,0.0
1627480590.3483016,0.0,0.0
1627480590.3980677,0.0,0.0
1627480590.4131622,0.0,0.0
1627480590.4598343,0.0,0.0
1627480590.5091977,0.0,0.0
1627480590.530456,0.0,0.0
1627480590.57836,0.0,0.0
1627480590.6142035,0.0,0.0
1627480590.6597836,0.0,0.0
1627480590.689136,0.0,0.0
1627480590.7371216,0.0,0.0
1627480590.7843316,0.0,0.0
1627480590.7991085,0.0,0.0
1627480590.843105,0.0,0.0
1627480590.8912342,0.0,0.0
1627480590.9105513,0.0,0.0
1627480590.9551852,0.0,0.0
1627480590.99938,0.0,0.0
1627480591.045797,0.0,0.0
1627480591.0680342,0.0,0.0
1627480591.1154568,0.0,0.0
1627480591.1666703,0.0,0.0
1627480591.189517,0.0,0.0
1627480591.2380247,0.0,0.0
1627480591.2633557,0.0,0.0
1627480591.309428,0.0,0.0
1627480591.3571308,0.0,0.0
1627480591.3772347,0.0,0.0
1627480591.4215379,0.0,0.0
1627480591.4699934,0.0,0.0
1627480591.4854705,0.0,0.0
1627480591.5343113,0.0,0.0
1627480591.5749645,0.0,0.0
1627480591.6203349,0.0,0.0
1627480591.6452007,0.0,0.0
1627480591.6935015,0.0,0.0
1627480591.7386622,0.0,0.0
1627480591.7597902,0.0,0.0
1627480591.80622,0.0,0.0
1627480591.826215,0.0,0.0
1627480591.8757977,0.0,0.0
1627480591.9208772,0.0,0.0
1627480591.9363523,0.0,0.0
1627480591.9874392,0.0,0.0
1627480592.0234137,0.0,0.0
1627480592.0745697,0.0,0.0
1627480592.099782,0.0,0.0
1627480592.1495252,0.0,0.0
1627480592.1956859,0.0,0.0
1627480592.2148933,0.0,0.0
1627480592.2596416,0.0,0.0
1627480592.2798388,0.0,0.0
1627480592.3299541,0.0,0.0
1627480592.375879,0.0,0.0
1627480592.3920991,0.0,0.0
1627480592.4399095,0.0,0.0
1627480592.4646835,0.0,0.0
1627480592.5136359,0.0,0.0
1627480592.5575,0.0,0.0
1627480592.5720766,0.0,0.0
1627480592.6210597,0.0,0.0
1627480592.6610498,0.0,0.0
1627480592.716287,0.0,0.0
1627480592.7638717,0.0,0.0
1627480592.8154356,0.0,0.0
1627480592.8632681,0.0,0.0
1627480592.884053,0.0,0.0
1627480592.9328554,0.0,0.0
1627480592.978948,0.0,0.0
1627480593.0802186,0.0,0.0
1627480593.105893,0.0,0.0
1627480593.1615646,0.0,0.0
1627480593.1829264,0.0,0.0
1627480593.233296,0.0,0.0
1627480593.259633,0.0,0.0
1627480593.3125482,0.0,0.0
1627480593.358936,0.0,0.0
1627480593.4094207,0.0,0.0
1627480593.4556048,0.0,0.0
1627480593.5059922,0.0,0.0
1627480593.552157,0.0,0.0
1627480593.6034524,0.0,0.0
1627480593.649526,0.0,0.0
1627480593.6661031,0.0,0.0
1627480593.7162063,0.0,0.0
1627480593.7321355,0.0,0.0
1627480593.7827547,0.0,0.0
1627480593.8307967,0.0,0.0
1627480593.8535783,0.0,0.0
1627480593.90738,0.0,0.0
1627480593.9213862,0.0,0.0
1627480593.968365,0.0,0.0
1627480594.0172002,0.0,0.0
1627480594.0687,0.0,0.0
1627480594.0923176,0.0,0.0
1627480594.1427767,0.0,0.0
1627480594.1704836,0.0,0.0
1627480594.2216504,0.0,0.0
1627480594.2698488,0.0,0.0
1627480594.3169906,0.0,0.0
1627480594.3644214,0.0,0.0
1627480594.3797085,0.0,0.0
1627480594.4286616,0.0,0.0
1627480594.4528594,0.0,0.0
1627480594.5061018,0.0,0.0
1627480594.587604,0.0,0.0
1627480594.6071835,0.0,0.0
1627480594.6561408,0.0,0.0
1627480594.675488,0.0,0.0
1627480594.7208316,0.0,0.0
1627480594.7725341,0.0,0.0
1627480594.7887766,0.0,0.0
1627480594.8359365,0.0,0.0
1627480594.88726,0.0,0.0
1627480594.9317567,0.0,0.0
1627480594.9575746,0.0,0.0
1627480595.004539,0.0,0.0
1627480595.0297253,0.0,0.0
1627480595.07714,0.0,0.0
1627480595.1239018,0.0,0.0
1627480595.1435626,0.0,0.0
1627480595.188556,0.0,0.0
1627480595.2359266,0.0,0.0
1627480595.2564042,0.0,0.0
1627480595.30114,0.0,0.0
1627480595.3453481,0.0,0.0
1627480595.3643658,0.0,0.0
1627480595.4139564,0.0,0.0
1627480595.4380124,0.0,0.0
1627480595.481312,0.0,0.0
1627480595.5299983,0.0,0.0
1627480595.5462897,0.0,0.0
1627480595.588964,0.0,0.0
1627480595.6378388,0.0,0.0
1627480595.6527321,0.0,0.0
1627480595.7010505,0.0,0.0
1627480595.7370708,0.0,0.0
1627480595.7860322,0.0,0.0
1627480595.830585,0.0,0.0
1627480595.8460283,0.0,0.0
1627480595.8975813,0.0,0.0
1627480595.938197,0.0,0.0
1627480595.98732,0.0,0.0
1627480596.0347757,0.0,0.0
1627480596.0501432,0.0,0.0
1627480596.0992165,0.0,0.0
1627480596.1193326,0.0,0.0
1627480596.170326,0.0,0.0
1627480596.2138069,0.0,0.0
1627480596.2286959,0.0,0.0
1627480596.2760544,0.0,0.0
1627480596.3098977,0.0,0.0
1627480596.3589144,0.0,0.0
1627480596.405923,0.0,0.0
1627480596.4172683,0.0,0.0
1627480596.4647403,0.0,0.0
1627480596.5047994,0.0,0.0
1627480596.552512,0.0,0.0
1627480596.5987222,0.0,0.0
1627480596.6117642,0.0,0.0
1627480596.6595364,0.0,0.0
1627480596.6743267,0.0,0.0
1627480596.738401,0.0,0.0
1627480596.8110359,0.0,0.0
1627480596.8266294,0.0,0.0
1627480596.8777056,0.0,0.0
1627480596.8932564,0.0,0.0
1627480596.9437544,0.0,0.0
1627480596.9842372,0.0,0.0
1627480597.0362666,0.0,0.0
1627480597.056121,0.0,0.0
1627480597.1062663,0.0,0.0
1627480597.130192,0.0,0.0
1627480597.1804938,0.0,0.0
1627480597.225003,0.0,0.0
1627480597.2413719,0.0,0.0
1627480597.2905567,0.0,0.0
1627480597.3323631,0.0,0.0
1627480597.3834393,0.0,0.0
1627480597.4079514,0.0,0.0
1627480597.4541347,0.0,0.0
1627480597.480303,0.0,0.0
1627480597.530732,0.0,0.0
1627480597.5770745,0.0,0.0
1627480597.5982604,0.0,0.0
1627480597.6445951,0.0,0.0
1627480597.6653817,0.0,0.0
1627480597.7121801,0.0,0.0
1627480597.7554293,0.0,0.0
1627480597.8079047,0.0,0.0
1627480597.8277247,0.0,0.0
1627480597.8753421,0.0,0.0
1627480597.927127,0.0,0.0
1627480597.947189,0.0,0.0
1627480597.9951532,0.0,0.0
1627480598.021545,0.0,0.0
1627480598.070661,0.0,0.0
1627480598.1181197,0.0,0.0
1627480598.1373904,0.0,0.0
1627480598.1795082,0.0,0.0
1627480598.2223127,0.0,0.0
1627480598.2945836,0.0,0.0
1627480598.3452287,0.0,0.0
1627480598.3874788,0.0,0.0
1627480598.413261,0.0,0.0
1627480598.4557023,0.0,0.0
1627480598.5031588,0.0,0.0
1627480598.5178745,0.0,0.0
1627480598.564098,0.0,0.0
1627480598.6051626,0.0,0.0
1627480598.6460216,0.0,0.0
1627480598.671349,0.0,0.0
1627480598.7146983,0.0,0.0
1627480598.762748,0.0,0.0
1627480598.7768357,0.0,0.0
1627480598.8250945,0.0,0.0
1627480598.877461,0.0,0.0
1627480598.8933277,0.0,0.0
1627480598.936134,0.0,0.0
1627480598.9843533,0.0,0.0
1627480598.998528,0.0,0.0
1627480599.0438178,0.0,0.0
1627480599.0924156,0.0,0.0
1627480599.1352792,0.0,0.0
1627480599.1591136,0.0,0.0
1627480599.2020764,0.0,0.0
1627480599.2510958,0.0,0.0
1627480599.2653744,0.0,0.0
1627480599.309025,0.0,0.0
1627480599.3569572,0.0,0.0
1627480599.3715384,0.0,0.0
1627480599.4169333,0.0,0.0
1627480599.4599147,0.0,0.0
1627480599.502977,0.0,0.0
1627480599.5270355,0.0,0.0
1627480599.5747852,0.0,0.0
1627480599.6172352,0.0,0.0
1627480599.6319044,0.0,0.0
1627480599.6802444,0.0,0.0
1627480599.7242131,0.0,0.0
1627480599.7386703,0.0,0.0
1627480599.7867496,0.0,0.0
1627480599.8184752,0.0,0.0
1627480599.865833,0.0,0.0
1627480599.9092643,0.0,0.0
1627480599.9290898,0.0,0.0
1627480599.9772203,0.0,0.0
1627480600.0009923,0.0,0.0
1627480600.0519304,0.0,0.0
1627480600.0953074,0.0,0.0
1627480600.115088,0.0,0.0
1627480600.1631684,0.0,0.0
1627480600.1772542,0.0,0.0
1627480600.225612,0.0,0.0
1627480600.268621,0.0,0.0
1627480600.2833207,0.0,0.0
1627480600.3306336,0.0,0.0
1627480600.374681,0.0,0.0
1627480600.3939962,0.0,0.0
1627480600.4417794,0.0,0.0
1627480600.4614186,0.0,0.0
1627480600.5102966,0.0,0.0
1627480600.5388422,0.0,0.0
1627480600.5880766,0.0,0.0
1627480600.6225953,0.0,0.0
1627480600.6710792,0.0,0.0
1627480600.6899407,0.0,0.0
1627480600.73743,0.0,0.0
1627480600.7807748,0.0,0.0
1627480600.794847,0.0,0.0
1627480600.8443668,0.0,0.0
1627480600.8849516,0.0,0.0
1627480600.9336727,0.0,0.0
1627480600.9730618,0.0,0.0
1627480601.0215864,0.0,0.0
1627480601.0676823,0.0,0.0
1627480601.082184,0.0,0.0
1627480601.1307712,0.0,0.0
1627480601.145677,0.0,0.0
1627480601.1936135,0.0,0.0
1627480601.2371821,0.0,0.0
1627480601.256237,0.0,0.0
1627480601.3046532,0.0,0.0
1627480601.3242877,0.0,0.0
1627480601.3750587,0.0,0.0
1627480601.3994143,0.0,0.0
1627480601.4479926,0.0,0.0
1627480601.4914756,0.0,0.0
1627480601.510777,0.0,0.0
1627480601.5588694,0.0,0.0
1627480601.5776784,0.0,0.0
1627480601.6258142,0.0,0.0
1627480601.6683376,0.0,0.0
1627480601.69027,0.0,0.0
1627480601.7303636,0.0,0.0
1627480601.7700253,0.0,0.0
1627480601.8151386,0.0,0.0
1627480601.8625004,0.0,0.0
1627480601.8818824,0.0,0.0
1627480601.9249732,0.0,0.0
1627480601.964541,0.0,0.0
1627480602.0115569,0.0,0.0
1627480602.0576336,0.0,0.0
1627480602.0767264,0.0,0.0
1627480602.1199937,0.0,0.0
1627480602.1399033,0.0,0.0
1627480602.1834445,0.0,0.0
1627480602.2316666,0.0,0.0
1627480602.2510347,0.0,0.0
1627480602.2983997,0.0,0.0
1627480602.3222563,0.0,0.0
1627480602.3657184,0.0,0.0
1627480602.416994,0.0,0.0
1627480602.4338353,0.0,0.0
1627480602.4818113,0.0,0.0
1627480602.505751,0.0,0.0
1627480602.549173,0.0,0.0
1627480602.5975523,0.0,0.0
1627480602.6178565,0.0,0.0
1627480602.663842,0.0,0.0
1627480602.713773,0.0,0.0
1627480602.7280085,0.0,0.0
1627480602.7724922,0.0,0.0
1627480602.82481,0.0,0.0
1627480602.8664293,0.0,0.0
1627480602.8910081,0.0,0.0
1627480602.9359953,0.0,0.0
1627480602.9612901,0.0,0.0
1627480603.005753,0.0,0.0
1627480603.053303,0.0,0.0
1627480603.0737524,0.0,0.0
1627480603.1191905,0.0,0.0
1627480603.1641114,0.0,0.0
1627480603.2138312,0.0,0.0
1627480603.2288263,0.0,0.0
1627480603.2731347,0.0,0.0
1627480603.3139398,0.0,0.0
1627480603.3633807,0.0,0.0
1627480603.4032822,0.0,0.0
1627480603.4532592,0.0,0.0
1627480603.489404,0.0,0.0
1627480603.5388167,0.0,0.0
1627480603.583152,0.0,0.0
1627480603.5977168,0.0,0.0
1627480603.648205,0.0,0.0
1627480603.6689372,0.0,0.0
1627480603.7193034,0.0,0.0
1627480603.7647235,0.0,0.0
1627480603.8133035,0.0,0.0
1627480603.8585489,0.0,0.0
1627480603.880486,0.0,0.0
1627480603.931195,0.0,0.0
1627480603.9467368,0.0,0.0
1627480603.9960434,0.0,0.0
1627480604.0415576,0.0,0.0
1627480604.0650327,0.0,0.0
1627480604.1097672,0.0,0.0
1627480604.1304297,0.0,0.0
1627480604.1793833,0.0,0.0
1627480604.2256365,0.0,0.0
1627480604.2743173,0.0,0.0
1627480604.318972,0.0,0.0
1627480604.3680747,0.0,0.0
1627480604.4139144,0.0,0.0
1627480604.4391353,0.0,0.0
1627480604.488652,0.0,0.0
1627480604.5039105,0.0,0.0
1627480604.5533264,0.0,0.0
1627480604.590156,0.0,0.0
1627480604.6406786,0.0,0.0
1627480604.6860461,0.0,0.0
1627480604.7112782,0.0,0.0
1627480604.7621865,0.0,0.0
1627480604.7770827,0.0,0.0
1627480604.8296177,0.0,0.0
1627480604.8487642,0.0,0.0
1627480604.8978715,0.0,0.0
1627480604.941684,0.0,0.0
1627480604.9620082,0.0,0.0
1627480605.0117483,0.0,0.0
1627480605.0279176,0.0,0.0
1627480605.0787542,0.0,0.0
1627480605.1225743,0.0,0.0
1627480605.1722844,0.0,0.0
1627480605.2144375,0.0,0.0
1627480605.2340627,0.0,0.0
1627480605.2841852,0.0,0.0
1627480605.2993135,0.0,0.0
1627480605.3485558,0.0,0.0
1627480605.3929744,0.0,0.0
1627480605.4176958,0.0,0.0
1627480605.4616303,0.0,0.0
1627480605.4818296,0.0,0.0
1627480605.5309868,0.0,0.0
1627480605.577212,0.0,0.0
1627480605.597273,0.0,0.0
1627480605.6426895,0.0,0.0
1627480605.6623855,0.0,0.0
1627480605.7058208,0.0,0.0
1627480605.754626,0.0,0.0
1627480605.769682,0.0,0.0
1627480605.8183997,0.0,0.0
1627480605.8596127,0.0,0.0
1627480605.909705,0.0,0.0
1627480605.9510841,0.0,0.0
1627480605.999372,0.0,0.0
1627480606.0439904,0.0,0.0
1627480606.0964298,0.0,0.0
1627480606.1403785,0.0,0.0
1627480606.1603913,0.0,0.0
1627480606.203717,0.0,0.0
1627480606.2419465,0.0,0.0
1627480606.290694,0.0,0.0
1627480606.3348515,0.0,0.0
1627480606.3811314,0.0,0.0
1627480606.4326503,0.0,0.0
1627480606.445649,0.0,0.0
1627480606.491161,0.0,0.0
1627480606.5401006,0.0,0.0
1627480606.5556116,0.0,0.0
1627480606.6050453,0.0,0.0
1627480606.6443481,0.0,0.0
1627480606.6932647,0.0,0.0
1627480606.7173696,0.0,0.0
1627480606.7657993,0.0,0.0
1627480606.8103764,0.0,0.0
1627480606.829895,0.0,0.0
1627480606.8743181,0.0,0.0
1627480606.8945541,0.0,0.0
1627480606.9436903,0.0,0.0
1627480606.987493,0.0,0.0
1627480607.0068927,0.0,0.0
1627480607.0523217,0.0,0.0
1627480607.072682,0.0,0.0
1627480607.1241133,0.0,0.0
1627480607.14961,0.0,0.0
1627480607.2002149,0.0,0.0
1627480607.2454448,0.0,0.0
1627480607.2701159,0.0,0.0
1627480607.3149967,0.0,0.0
1627480607.329936,0.0,0.0
1627480607.382054,0.0,0.0
1627480607.4299142,0.0,0.0
1627480607.4461496,0.0,0.0
1627480607.4964695,0.0,0.0
1627480607.516819,0.0,0.0
1627480607.5663064,0.0,0.0
1627480607.6110566,0.0,0.0
1627480607.6302612,0.0,0.0
1627480607.6744792,0.0,0.0
1627480607.6946876,0.0,0.0
1627480607.7432663,0.0,0.0
1627480607.788021,0.0,0.0
1627480607.807045,0.0,0.0
1627480607.8533275,0.0,0.0
1627480607.872959,0.0,0.0
1627480607.923833,0.0,0.0
1627480607.967814,0.0,0.0
1627480607.9924848,0.0,0.0
1627480608.040582,0.0,0.0
1627480608.0511334,0.0,0.0
1627480608.1022515,0.0,0.0
1627480608.1463664,0.0,0.0
1627480608.1616712,0.0,0.0
1627480608.2117295,0.0,0.0
1627480608.231596,0.0,0.0
1627480608.2819636,0.0,0.0
1627480608.3259995,0.0,0.0
1627480608.3747342,0.0,0.0
1627480608.4184458,0.0,0.0
1627480608.4339583,0.0,0.0
1627480608.4843416,0.0,0.0
1627480608.5164392,0.0,0.0
1627480608.5691833,0.0,0.0
1627480608.610068,0.0,0.0
1627480608.6304803,0.0,0.0
1627480608.681189,0.0,0.0
1627480608.705598,0.0,0.0
1627480608.7554038,0.0,0.0
1627480608.7988226,0.0,0.0
1627480608.8191903,0.0,0.0
1627480608.867761,0.0,0.0
1627480608.8950303,0.0,0.0
1627480608.9434416,0.0,0.0
1627480608.9864938,0.0,0.0
1627480609.0413895,0.0,0.0
1627480609.0818973,0.0,0.0
1627480609.0985014,0.0,0.0
1627480609.1501648,0.0,0.0
1627480609.1700985,0.0,0.0
1627480609.220069,0.0,0.0
1627480609.267621,0.0,0.0
1627480609.2875803,0.0,0.0
1627480609.3332288,0.0,0.0
1627480609.3534124,0.0,0.0
1627480609.404615,0.0,0.0
1627480609.450277,0.0,0.0
1627480609.4724882,0.0,0.0
1627480609.5219307,0.0,0.0
1627480609.5377023,0.0,0.0
1627480609.5843582,0.0,0.0
1627480609.635795,0.0,0.0
1627480609.6566894,0.0,0.0
1627480609.7065086,0.0,0.0
1627480609.7326424,0.0,0.0
1627480609.782043,0.0,0.0
1627480609.826966,0.0,0.0
1627480609.8446827,0.0,0.0
1627480609.8959982,0.0,0.0
1627480609.9187047,0.0,0.0
1627480609.9647698,0.0,0.0
1627480610.011781,0.0,0.0
1627480610.0324037,0.0,0.0
1627480610.0793753,0.0,0.0
1627480610.1255682,0.0,0.0
1627480610.1793604,0.0,0.0
1627480610.2115576,0.0,0.0
1627480610.2552097,0.0,0.0
1627480610.3019626,0.0,0.0
1627480610.3522925,0.0,0.0
1627480610.374069,0.0,0.0
1627480610.4246397,0.0,0.0
1627480610.4519143,0.0,0.0
1627480610.5024657,0.0,0.0
1627480610.5486605,0.0,0.0
1627480610.5756824,0.0,0.0
1627480610.6290295,0.0,0.0
1627480610.647145,0.0,0.0
1627480610.689272,0.0,0.0
1627480610.7151823,0.0,0.0
1627480610.7649233,0.0,0.0
1627480610.8096786,0.0,0.0
1627480610.8248205,0.0,0.0
1627480610.8708146,0.0,0.0
1627480610.8958797,0.0,0.0
1627480610.9461646,0.0,0.0
1627480610.990073,0.0,0.0
1627480611.0102212,0.0,0.0
1627480611.0596313,0.0,0.0
1627480611.074802,0.0,0.0
1627480611.1247027,0.0,0.0
1627480611.1603653,0.0,0.0
1627480611.2097924,0.0,0.0
1627480611.2552724,0.0,0.0
1627480611.3061004,0.0,0.0
1627480611.3509433,0.0,0.0
1627480611.4009397,0.0,0.0
1627480611.4501097,0.0,0.0
1627480611.4998212,0.0,0.0
1627480611.5411239,0.0,0.0
1627480611.5917892,0.0,0.0
1627480611.633991,0.0,0.0
1627480611.6834178,0.0,0.0
1627480611.7299445,0.0,0.0
1627480611.7825577,0.0,0.0
1627480611.8030782,0.0,0.0
1627480611.8548093,0.0,0.0
1627480611.901032,0.0,0.0
1627480611.9177926,0.0,0.0
1627480611.968312,0.0,0.0
1627480611.982975,0.0,0.0
1627480612.0331426,0.0,0.0
1627480612.0783894,0.0,0.0
1627480612.1282194,0.0,0.0
1627480612.1763554,0.0,0.0
1627480612.1915538,0.0,0.0
1627480612.2419791,0.0,0.0
1627480612.2821076,0.0,0.0
1627480612.3319066,0.0,0.0
1627480612.3475564,0.0,0.0
1627480612.397445,0.0,0.0
1627480612.4417853,0.0,0.0
1627480612.4566271,0.0,0.0
1627480612.5075223,0.0,0.0
1627480612.528026,0.0,0.0
1627480612.5785723,0.0,0.0
1627480612.6250384,0.0,0.0
1627480612.6467905,0.0,0.0
1627480612.6901643,0.0,0.0
1627480612.7097695,0.0,0.0
1627480612.759666,0.0,0.0
1627480612.8042846,0.0,0.0
1627480612.8201222,0.0,0.0
1627480612.8726244,0.0,0.0
1627480612.898783,0.0,0.0
1627480612.953811,0.0,0.0
1627480612.9984183,0.0,0.0
1627480613.014599,0.0,0.0
1627480613.0671277,0.0,0.0
1627480613.0819776,0.0,0.0
1627480613.1325855,0.0,0.0
1627480613.1816216,0.0,0.0
1627480613.1990364,0.0,0.0
1627480613.2554815,0.0,0.0
1627480613.272438,0.0,0.0
1627480613.3234892,0.0,0.0
1627480613.3706896,0.0,0.0
1627480613.386787,0.0,0.0
1627480613.4399474,0.0,0.0
1627480613.461824,0.0,0.0
1627480613.5126152,0.0,0.0
1627480613.5570354,0.0,0.0
1627480613.5726058,0.0,0.0
1627480613.6230335,0.0,0.0
1627480613.6438267,0.0,0.0
1627480613.6942477,0.0,0.0
1627480613.739738,0.0,0.0
1627480613.7898102,0.0,0.0
1627480613.8297868,0.0,0.0
1627480613.850104,0.0,0.0
1627480613.8942423,0.0,0.0
1627480613.9358685,0.0,0.0
1627480613.989211,0.0,0.0
1627480614.0373845,0.0,0.0
1627480614.0883367,0.0,0.0
1627480614.1323857,0.0,0.0
1627480614.1889753,0.0,0.0
1627480614.2416494,0.0,0.0
1627480614.258599,0.0,0.0
1627480614.3110642,0.0,0.0
1627480614.3365314,0.0,0.0
1627480614.3888304,0.0,0.0
1627480614.4338567,0.0,0.0
1627480614.4846997,0.0,0.0
1627480614.53026,0.0,0.0
1627480614.5807443,0.0,0.0
1627480614.6238248,0.0,0.0
1627480614.6750884,0.0,0.0
1627480614.7019944,0.0,0.0
1627480614.7538674,0.0,0.0
1627480614.8002105,0.0,0.0
1627480614.8508713,0.0,0.0
1627480614.8994546,0.0,0.0
1627480614.9166884,0.0,0.0
1627480614.958398,0.0,0.0
1627480614.9782572,0.0,0.0
1627480615.0243542,0.0,0.0
1627480615.0488977,0.0,0.0
1627480615.0973833,0.0,0.0
1627480615.1412828,0.0,0.0
1627480615.1570694,0.0,0.0
1627480615.2098732,0.0,0.0
1627480615.2627828,0.0,0.0
1627480615.3502026,0.0,0.0
1627480615.3922179,0.0,0.0
1627480615.4432015,0.0,0.0
1627480615.471155,0.0,0.0
1627480615.5216262,0.0,0.0
1627480615.5676386,0.0,0.0
1627480615.6180243,0.0,0.0
1627480615.6673365,0.0,0.0
1627480615.681027,0.0,0.0
1627480615.7305934,0.0,0.0
1627480615.7516859,0.0,0.0
1627480615.802078,0.0,0.0
1627480615.8293197,0.0,0.0
1627480615.879383,0.0,0.0
1627480615.927779,0.0,0.0
1627480615.977169,0.0,0.0
1627480616.02582,0.0,0.0
1627480616.0402558,0.0,0.0
1627480616.091584,0.0,0.0
1627480616.1070294,0.0,0.0
1627480616.1572115,0.0,0.0
1627480616.2063284,0.0,0.0
1627480616.2567956,0.0,0.0
1627480616.3052497,0.0,0.0
1627480616.321348,0.0,0.0
1627480616.3721182,0.0,0.0
1627480616.386872,0.0,0.0
1627480616.4360187,0.0,0.0
1627480616.4807715,0.0,0.0
1627480616.5094185,0.0,0.0
1627480616.552463,0.0,0.0
1627480616.5672584,0.0,0.0
1627480616.6152103,0.0,0.0
1627480616.6482842,0.0,0.0
1627480616.695245,0.0,0.0
1627480616.738741,0.0,0.0
1627480616.761844,0.0,0.0
1627480616.8553092,0.0,0.0
1627480616.8740945,0.0,0.0
1627480616.9226172,0.0,0.0
1627480616.949921,0.0,0.0
1627480617.001407,0.0,0.0
1627480617.0448046,0.0,0.0
1627480617.0969014,0.0,0.0
1627480617.1443055,0.0,0.0
1627480617.1594806,0.0,0.0
1627480617.2131367,0.0,0.0
1627480617.256069,0.0,0.0
1627480617.3063288,0.0,0.0
1627480617.3265345,0.0,0.0
1627480617.3756437,0.0,0.0
1627480617.420127,0.0,0.0
1627480617.475053,0.0,0.0
1627480617.5251498,0.0,0.0
1627480617.540446,0.0,0.0
1627480617.6170604,0.0,0.0
1627480617.6614225,0.0,0.0
1627480617.7139175,0.0,0.0
1627480617.7341971,0.0,0.0
1627480617.783907,0.0,0.0
1627480617.8283968,0.0,0.0
1627480617.8434618,0.0,0.0
1627480617.88887,0.0,0.0
1627480617.937487,0.0,0.0
1627480617.9884036,0.0,0.0
1627480618.0086474,0.0,0.0
1627480618.058348,0.0,0.0
1627480618.0897634,0.0,0.0
1627480618.142202,0.0,0.0
1627480618.16859,0.0,0.0
1627480618.2238462,0.0,0.0
1627480618.275096,0.0,0.0
1627480618.290146,0.0,0.0
1627480618.3433914,0.0,0.0
1627480618.3600264,0.0,0.0
1627480618.4122174,0.0,0.0
1627480618.4603271,0.0,0.0
1627480618.5101109,0.0,0.0
1627480618.5310562,0.0,0.0
1627480618.580794,0.0,0.0
1627480618.6265545,0.0,0.0
1627480618.6431491,0.0,0.0
1627480618.6946309,0.0,0.0
1627480618.7154698,0.0,0.0
1627480618.7692516,0.0,0.0
1627480618.8153985,0.0,0.0
1627480618.8308694,0.0,0.0
1627480618.8822305,0.0,0.0
1627480618.8986847,0.0,0.0
1627480618.951241,0.0,0.0
1627480618.99962,0.0,0.0
1627480619.049544,0.0,0.0
1627480619.077398,0.0,0.0
1627480619.1264381,0.0,0.0
1627480619.1472075,0.0,0.0
1627480619.2026048,0.0,0.0
1627480619.248681,0.0,0.0
1627480619.264023,0.0,0.0
1627480619.3137589,0.0,0.0
1627480619.3288414,0.0,0.0
1627480619.378594,0.0,0.0
1627480619.424522,0.0,0.0
1627480619.4400525,0.0,0.0
1627480619.4906363,0.0,0.0
1627480619.5073898,0.0,0.0
1627480619.5553296,0.0,0.0
1627480619.6012874,0.0,0.0
1627480619.616641,0.0,0.0
1627480619.6673262,0.0,0.0
1627480619.6836624,0.0,0.0
1627480619.7347724,0.0,0.0
1627480619.7810261,0.0,0.0
1627480619.797248,0.0,0.0
1627480619.8487828,0.0,0.0
1627480619.869524,0.0,0.0
1627480619.922082,0.0,0.0
1627480619.9671404,0.0,0.0
1627480619.989449,0.0,0.0
1627480620.043245,0.0,0.0
1627480620.0584042,0.0,0.0
1627480620.1116974,0.0,0.0
1627480620.1545615,0.0,0.0
1627480620.2065144,0.0,0.0
1627480620.2390356,0.0,0.0
1627480620.2928047,0.0,0.0
1627480620.3185663,0.0,0.0
1627480620.372492,0.0,0.0
1627480620.4191475,0.0,0.0
1627480620.4397478,0.0,0.0
1627480620.491465,0.0,0.0
1627480620.5079563,0.0,0.0
1627480620.5605874,0.0,0.0
1627480620.6004136,0.0,0.0
1627480620.6502094,0.0,0.0
1627480620.6814363,0.0,0.0
1627480620.730427,0.0,0.0
1627480620.7598677,0.0,0.0
1627480620.810149,0.0,0.0
1627480620.8345952,0.0,0.0
1627480620.8858166,0.0,0.0
1627480620.9356654,0.0,0.0
1627480620.9498084,0.0,0.0
1627480620.9954314,0.0,0.0
1627480621.0143578,0.0,0.0
1627480621.0645325,0.0,0.0
1627480621.0942278,0.0,0.0
1627480621.145849,0.0,0.0
1627480621.1696243,0.0,0.0
1627480621.221081,0.0,0.0
1627480621.2672172,0.0,0.0
1627480621.3166773,0.0,0.0
1627480621.3615608,0.0,0.0
1627480621.422896,0.0,0.0
1627480621.4556932,0.0,0.0
1627480621.4905362,0.0,0.0
1627480621.5270886,0.0,0.0
1627480621.5472171,0.0,0.0
1627480621.5967515,0.0,0.0
1627480621.6220198,0.0,0.0
1627480621.6723967,0.0,0.0
1627480621.7212615,0.0,0.0
1627480621.7723515,0.0,0.0
1627480621.8156292,0.0,0.0
1627480621.8673122,0.0,0.0
1627480621.9125092,0.0,0.0
1627480621.9337199,0.0,0.0
1627480621.979536,0.0,0.0
1627480621.9998806,0.0,0.0
1627480622.0500133,0.0,0.0
1627480622.094983,0.0,0.0
1627480622.1149275,0.0,0.0
1627480622.1648855,0.0,0.0
1627480622.1799698,0.0,0.0
1627480622.2309835,0.0,0.0
1627480622.2727137,0.0,0.0
1627480622.3215046,0.0,0.0
1627480622.3521276,0.0,0.0
1627480622.4010527,0.0,0.0
1627480622.4417815,0.0,0.0
1627480622.4936888,0.0,0.0
1627480622.5362236,0.0,0.0
1627480622.58977,0.0,0.0
1627480622.638341,0.0,0.0
1627480622.6933398,0.0,0.0
1627480622.740806,0.0,0.0
1627480622.7921574,0.0,0.0
1627480622.8375041,0.0,0.0
1627480622.891115,0.0,0.0
1627480622.937924,0.0,0.0
1627480622.9542472,0.0,0.0
1627480623.0067718,0.0,0.0
1627480623.0259812,0.0,0.0
1627480623.0782242,0.0,0.0
1627480623.126947,0.0,0.0
1627480623.1433177,0.0,0.0
1627480623.1954176,0.0,0.0
1627480623.2171369,0.0,0.0
1627480623.2727814,0.0,0.0
1627480623.3062856,0.0,0.0
1627480623.3579607,0.0,0.0
1627480623.3883324,0.0,0.0
1627480623.4389036,0.0,0.0
1627480623.4686284,0.0,0.0
1627480623.518341,0.0,0.0
1627480623.5484462,0.0,0.0
1627480623.5974846,0.0,0.0
1627480623.6424372,0.0,0.0
1627480623.6915617,0.0,0.0
1627480623.7371254,0.0,0.0
1627480623.7569335,0.0,0.0
1627480623.801785,0.0,0.0
1627480623.8225203,0.0,0.0
1627480623.8724768,0.0,0.0
1627480623.91779,0.0,0.0
1627480623.9419467,0.0,0.0
1627480623.9873362,0.0,0.0
1627480624.0041447,0.0,0.0
1627480624.053478,0.0,0.0
1627480624.0988631,0.0,0.0
1627480624.1235037,0.0,0.0
1627480624.1685677,0.0,0.0
1627480624.188615,0.0,0.0
1627480624.2377317,0.0,0.0
1627480624.2599902,0.0,0.0
1627480624.3109446,0.0,0.0
1627480624.3424468,0.0,0.0
1627480624.3922637,0.0,0.0
1627480624.4165459,0.0,0.0
1627480624.4670556,0.0,0.0
1627480624.513469,0.0,0.0
1627480624.533853,0.0,0.0
1627480624.5871732,0.0,0.0
1627480624.6026793,0.0,0.0
1627480624.6521888,0.0,0.0
1627480624.6852114,0.0,0.0
1627480624.737278,0.0,0.0
1627480624.788614,0.0,0.0
1627480624.8044944,0.0,0.0
1627480624.8543403,0.0,0.0
1627480624.879997,0.0,0.0
1627480624.9309752,0.0,0.0
1627480624.977699,0.0,0.0
1627480625.0273917,0.0,0.0
1627480625.07685,0.0,0.0
1627480625.1298726,0.0,0.0
1627480625.154418,0.0,0.0
1627480625.2041318,0.0,0.0
1627480625.2594094,0.0,0.0
1627480625.3104522,0.0,0.0
1627480625.3576922,0.0,0.0
1627480625.410547,0.0,0.0
1627480625.4616508,0.0,0.0
1627480625.5131614,0.0,0.0
1627480625.5402246,0.0,0.0
1627480625.5892062,0.0,0.0
1627480625.6166177,0.0,0.0
1627480625.668749,0.0,0.0
1627480625.7106261,0.0,0.0
1627480625.762122,0.0,0.0
1627480625.80897,0.0,0.0
1627480625.8606508,0.0,0.0
1627480625.9084322,0.0,0.0
1627480625.9610903,0.0,0.0
1627480626.0070899,0.0,0.0
1627480626.0566716,0.0,0.0
1627480626.102001,0.0,0.0
1627480626.1167884,0.0,0.0
1627480626.1654665,0.0,0.0
1627480626.2023053,0.0,0.0
1627480626.25381,0.0,0.0
1627480626.300636,0.0,0.0
1627480626.3484473,0.0,0.0
1627480626.3946788,0.0,0.0
1627480626.410714,0.0,0.0
1627480626.4598668,0.0,0.0
1627480626.479579,0.0,0.0
1627480626.531271,0.0,0.0
1627480626.5765667,0.0,0.0
1627480626.591381,0.0,0.0
1627480626.6400583,0.0,0.0
1627480626.6549146,0.0,0.0
1627480626.7039087,0.0,0.0
1627480626.7498782,0.0,0.0
1627480626.7699654,0.0,0.0
1627480626.8151724,0.0,0.0
1627480626.8342965,0.0,0.0
1627480626.8841698,0.0,0.0
1627480626.9284856,0.0,0.0
1627480626.948943,0.0,0.0
1627480626.994107,0.0,0.0
1627480627.0197463,0.0,0.0
1627480627.0709803,0.0,0.0
1627480627.1174228,0.0,0.0
1627480627.1321962,0.0,0.0
1627480627.1812136,0.0,0.0
1627480627.2014103,0.0,0.0
1627480627.2520525,0.0,0.0
1627480627.296606,0.0,0.0
1627480627.311593,0.0,0.0
1627480627.3617435,0.0,0.0
1627480627.3761833,0.0,0.0
1627480627.4256594,0.0,0.0
1627480627.4719334,0.0,0.0
1627480627.4864635,0.0,0.0
1627480627.5385952,0.0,0.0
1627480627.5787535,0.0,0.0
1627480627.6275024,0.0,0.0
1627480627.6535318,0.0,0.0
1627480627.7010705,0.0,0.0
1627480627.7449927,0.0,0.0
1627480627.7933567,0.0,0.0
1627480627.8398817,0.0,0.0
1627480627.855592,0.0,0.0
1627480627.9070876,0.0,0.0
1627480627.9587364,0.0,0.0
1627480628.0096223,0.0,0.0
1627480628.030871,0.0,0.0
1627480628.0812185,0.0,0.0
1627480628.1097853,0.0,0.0
1627480628.1570663,0.0,0.0
1627480628.1990495,0.0,0.0
1627480628.2499077,0.0,0.0
1627480628.2985358,0.0,0.0
1627480628.3474572,0.0,0.0
1627480628.3967268,0.0,0.0
1627480628.4440396,0.0,0.0
1627480628.492146,0.0,0.0
1627480628.512854,0.0,0.0
1627480628.5602689,0.0,0.0
1627480628.5843973,0.0,0.0
1627480628.632623,0.0,0.0
1627480628.6798186,0.0,0.0
1627480628.7278347,0.0,0.0
1627480628.7753568,0.0,0.0
1627480628.8228443,0.0,0.0
1627480628.870667,0.0,0.0
1627480628.921419,0.0,0.0
1627480628.9710696,0.0,0.0
1627480629.0204332,0.0,0.0
1627480629.068239,0.0,0.0
1627480629.1171298,0.0,0.0
1627480629.1613925,0.0,0.0
1627480629.2088182,0.0,0.0
1627480629.235796,0.0,0.0
1627480629.2850852,0.0,0.0
1627480629.3058982,0.0,0.0
1627480629.3568294,0.0,0.0
1627480629.4032242,0.0,0.0
1627480629.4536257,0.0,0.0
1627480629.5012555,0.0,0.0
1627480629.5184286,0.0,0.0
1627480629.5660334,0.0,0.0
1627480629.5929844,0.0,0.0
1627480629.645283,0.0,0.0
1627480629.7258782,0.0,0.0
1627480629.7540445,0.0,0.0
1627480629.8069484,0.0,0.0
1627480629.8224022,0.0,0.0
1627480629.8758714,0.0,0.0
1627480629.9025095,0.0,0.0
1627480629.9558089,0.0,0.0
1627480629.9996727,0.0,0.0
1627480630.0509205,0.0,0.0
1627480630.0772655,0.0,0.0
1627480630.1292293,0.0,0.0
1627480630.15716,0.0,0.0
1627480630.2060409,0.0,0.0
1627480630.2266862,0.0,0.0
1627480630.282333,0.0,0.0
1627480630.308938,0.0,0.0
1627480630.357946,0.0,0.0
1627480630.402465,0.0,0.0
1627480630.4232483,0.0,0.0
1627480630.468048,0.0,0.0
1627480630.4871519,0.0,0.0
1627480630.5355992,0.0,0.0
1627480630.5784292,0.0,0.0
1627480630.598415,0.0,0.0
1627480630.641971,0.0,0.0
1627480630.666235,0.0,0.0
1627480630.7154627,0.0,0.0
1627480630.758794,0.0,0.0
1627480630.7781575,0.0,0.0
1627480630.826067,0.0,0.0
1627480630.8460648,0.0,0.0
1627480630.8952963,0.0,0.0
1627480630.9381816,0.0,0.0
1627480630.957927,0.0,0.0
1627480631.00094,0.0,0.0
1627480631.0152755,0.0,0.0
1627480631.0640407,0.0,0.0
1627480631.1073372,0.0,0.0
1627480631.1218033,0.0,0.0
1627480631.170044,0.0,0.0
1627480631.204368,0.0,0.0
1627480631.2553127,0.0,0.0
1627480631.2986662,0.0,0.0
1627480631.3169847,0.0,0.0
1627480631.3620942,0.0,0.0
1627480631.381354,0.0,0.0
1627480631.430484,0.0,0.0
1627480631.4802597,0.0,0.0
1627480631.529875,0.0,0.0
1627480631.5788937,0.0,0.0
1627480631.6275675,0.0,0.0
1627480631.6517107,0.0,0.0
1627480631.7008433,0.0,0.0
1627480631.7488961,0.0,0.0
1627480631.763809,0.0,0.0
1627480631.8134909,0.0,0.0
1627480631.8576741,0.0,0.0
1627480631.9054427,0.0,0.0
1627480631.924693,0.0,0.0
1627480631.973732,0.0,0.0
1627480632.000271,0.0,0.0
1627480632.0462232,0.0,0.0
1627480632.0944388,0.0,0.0
1627480632.1140094,0.0,0.0
1627480632.1633098,0.0,0.0
1627480632.1879528,0.0,0.0
1627480632.2365646,0.0,0.0
1627480632.288314,0.0,0.0
1627480632.3369303,0.0,0.0
1627480632.360375,0.0,0.0
1627480632.4099934,0.0,0.0
1627480632.4587862,0.0,0.0
1627480632.4729328,0.0,0.0
1627480632.5223475,0.0,0.0
1627480632.566233,0.0,0.0
1627480632.5907302,0.0,0.0
1627480632.637984,0.0,0.0
1627480632.6527703,0.0,0.0
1627480632.7005413,0.0,0.0
1627480632.7470047,0.0,0.0
1627480632.7950742,0.0,0.0
1627480632.8145525,0.0,0.0
1627480632.8635187,0.0,0.0
1627480632.9063826,0.0,0.0
1627480632.9312587,0.0,0.0
1627480632.9747171,0.0,0.0
1627480632.994687,0.0,0.0
1627480633.0428772,0.0,0.0
1627480633.0665593,0.0,0.0
1627480633.1148498,0.0,0.0
1627480633.1579125,0.0,0.0
1627480633.1817393,0.0,0.0
1627480633.2252896,0.0,0.0
1627480633.2447288,0.0,0.0
1627480633.2950084,0.0,0.0
1627480633.327187,0.0,0.0
1627480633.3677638,0.0,0.0
1627480633.4110713,0.0,0.0
1627480633.4306204,0.0,0.0
1627480633.4739697,0.0,0.0
1627480633.4931238,0.0,0.0
1627480633.5413382,0.0,0.0
1627480633.5706632,0.0,0.0
1627480633.6180384,0.0,0.0
1627480633.6475894,0.0,0.0
1627480633.696279,0.0,0.0
1627480633.72501,0.0,0.0
1627480633.7685347,0.0,0.0
1627480633.8130665,0.0,0.0
1627480633.8274086,0.0,0.0
1627480633.8714693,0.0,0.0
1627480633.9184985,0.0,0.0
1627480633.9700189,0.0,0.0
1627480634.0162334,0.0,0.0
1627480634.0995882,0.0,0.0
1627480634.1152022,0.0,0.0
1627480634.1659083,0.0,0.0
1627480634.2070377,0.0,0.0
1627480634.2574866,0.0,0.0
1627480634.3060806,0.0,0.0
1627480634.3554106,0.0,0.0
1627480634.3988144,0.0,0.0
1627480634.4498444,0.0,0.0
1627480634.4801264,0.0,0.0
1627480634.531001,0.0,0.0
1627480634.552328,0.0,0.0
1627480634.602089,0.0,0.0
1627480634.6293297,0.0,0.0
1627480634.6782045,0.0,0.0
1627480634.718311,0.0,0.0
1627480634.7682726,0.0,0.0
1627480634.8143349,0.0,0.0
1627480634.8645487,0.0,0.0
1627480634.9111075,0.0,0.0
1627480634.9319458,0.0,0.0
1627480634.9778323,0.0,0.0
1627480634.998368,0.0,0.0
1627480635.0475647,0.0,0.0
1627480635.0796525,0.0,0.0
1627480635.130374,0.0,0.0
1627480635.1563056,0.0,0.0
1627480635.2064428,0.0,0.0
1627480635.2575715,0.0,0.0
1627480635.3106499,0.0,0.0
1627480635.341755,0.0,0.0
1627480635.3915324,0.0,0.0
1627480635.417219,0.0,0.0
1627480635.466789,0.0,0.0
1627480635.5183659,0.0,0.0
1627480635.5687237,0.0,0.0
1627480635.620434,0.0,0.0
1627480635.670407,0.0,0.0
1627480635.7019796,0.0,0.0
1627480635.7521646,0.0,0.0
1627480635.7783728,0.0,0.0
1627480635.8282142,0.0,0.0
1627480635.8781395,0.0,0.0
1627480635.9296753,0.0,0.0
1627480635.9795742,0.0,0.0
1627480636.0289974,0.0,0.0
1627480636.0540028,0.0,0.0
1627480636.1043775,0.0,0.0
1627480636.1578271,0.0,0.0
1627480636.207093,0.0,0.0
1627480636.2328408,0.0,0.0
1627480636.2860587,0.0,0.0
1627480636.3370128,0.0,0.0
1627480636.386999,0.0,0.0
1627480636.4365544,0.0,0.0
1627480636.4866638,0.0,0.0
1627480636.536295,0.0,0.0
1627480636.5846925,0.0,0.0
1627480636.6351888,0.0,0.0
1627480636.685536,0.0,0.0
1627480636.7160397,0.0,0.0
1627480636.7660525,0.0,0.0
1627480636.7873416,0.0,0.0
1627480636.8372908,0.0,0.0
1627480636.8630207,0.0,0.0
1627480636.9128664,0.0,0.0
1627480636.9603014,0.0,0.0
1627480636.9806721,0.0,0.0
1627480637.0787492,0.0,0.0
1627480637.0828447,0.0,0.0
1627480637.0957453,0.0,0.0
1627480637.2123997,0.0,0.0
1627480637.2180696,0.0,0.0
1627480637.2180843,0.0,0.0
1627480637.250144,0.0,0.0
1627480637.3433425,0.0,0.0
1627480637.3508477,0.0,0.0
1627480637.3740554,0.0,0.0
1627480637.475027,0.0,0.0
1627480637.4786205,0.0,0.0
1627480637.490287,0.0,0.0
1627480637.607728,0.0,0.0
1627480637.6190822,0.0,0.0
1627480637.6191008,0.0,0.0
1627480637.644903,0.0,0.0
1627480637.7452583,0.0,0.0
1627480637.7565362,0.0,0.0
1627480637.7565436,0.0,0.0
1627480637.7766454,0.0,0.0
1627480637.8800766,0.0,0.0
1627480637.8841307,0.0,0.0
1627480637.9151804,0.0,0.0
1627480638.0529177,0.0,0.0
1627480638.0661457,0.0,0.0
1627480638.066164,0.0,0.0
1627480638.0661757,0.0,0.0
1627480638.0921528,0.0,0.0
1627480638.2251341,0.0,0.0
1627480638.2361085,0.0,0.0
1627480638.2361176,0.0,0.0
1627480638.2361455,0.0,0.0
1627480638.267937,0.0,0.0
1627480638.397363,0.0,0.0
1627480638.4051235,0.0,0.0
1627480638.4051516,0.0,0.0
1627480638.5686004,0.0,0.0
1627480638.5748255,0.0,0.0
1627480638.5748372,0.0,0.0
1627480638.5748432,0.0,0.0
1627480638.5854676,0.0,0.0
1627480638.6772313,0.0,0.0
1627480638.6801093,0.0,0.0
1627480638.704528,0.0,0.0
1627480638.85217,0.0,0.0
1627480638.8562472,0.0,0.0
1627480638.8562553,0.0,0.0
1627480638.8562608,0.0,0.0
1627480639.0221012,0.0,0.0
1627480639.0301375,0.0,0.0
1627480639.0301464,0.0,0.0
1627480639.0301695,0.0,0.0
1627480639.0430298,0.0,0.0
1627480639.1942506,0.0,0.0
1627480639.200214,0.0,0.0
1627480639.2002244,0.0,0.0
1627480639.2002482,0.0,0.0
1627480639.2293513,0.0,0.0
1627480639.331868,0.0,0.0
1627480639.336121,0.0,0.0
1627480639.3361647,0.0,0.0
1627480639.5046163,0.0,0.0
1627480639.5102346,0.0,0.0
1627480639.5102541,0.0,0.0
1627480639.510278,0.0,0.0
1627480639.5125651,0.0,0.0
1627480639.6763637,0.0,0.0
1627480639.682577,0.0,0.0
1627480639.6825848,0.0,0.0
1627480639.69385,0.0,0.0
1627480639.714002,0.0,0.0
1627480639.851778,0.0,0.0
1627480639.8658905,0.0,0.0
1627480639.8659,0.0,0.0
1627480639.8853467,0.0,0.0
1627480640.022092,0.0,0.0
1627480640.032068,0.0,0.0
1627480640.0320923,0.0,0.0
1627480640.0530384,0.0,0.0
1627480640.1941066,0.0,0.0
1627480640.2003205,0.0,0.0
1627480640.2003326,0.0,0.0
1627480640.200349,0.0,0.0
1627480640.36767,0.0,0.0
1627480640.3800833,0.0,0.0
1627480640.3801024,0.0,0.0
1627480640.380129,0.0,0.0
1627480640.3821633,0.0,0.0
1627480640.5397217,0.0,0.0
1627480640.5522308,0.0,0.0
1627480640.5522401,0.0,0.0
1627480640.5541353,0.0,0.0
1627480640.5713024,0.0,0.0
1627480640.6740403,0.0,0.0
1627480640.6776211,0.0,0.0
1627480640.6943915,0.0,0.0
1627480640.8091097,0.0,0.0
1627480640.815627,0.0,0.0
1627480640.8156774,0.0,0.0
1627480640.8459857,0.0,0.0
1627480640.9044926,0.0,0.0
1627480640.9197989,0.0,0.0
1627480640.9399142,0.0,0.0
1627480640.984296,0.0,0.0
1627480641.0113544,0.0,0.0
1627480641.05815,0.0,0.0
1627480641.1013534,0.0,0.0
1627480641.1169796,0.0,0.0
1627480641.1663628,0.0,0.0
1627480641.1912296,0.0,0.0
1627480641.240047,0.0,0.0
1627480641.284887,0.0,0.0
1627480641.3079915,0.0,0.0
1627480641.3565445,0.0,0.0
1627480641.3722243,0.0,0.0
1627480641.42395,0.0,0.0
1627480641.464567,0.0,0.0
1627480641.514991,0.0,0.0
1627480641.5613217,0.0,0.0
1627480641.5786705,0.0,0.0
1627480641.6290681,0.0,0.0
1627480641.6437216,0.0,0.0
1627480641.692822,0.0,0.0
1627480641.7377784,0.0,0.0
1627480641.7581737,0.0,0.0
1627480641.8027427,0.0,0.0
1627480641.8226538,0.0,0.0
1627480641.8717492,0.0,0.0
1627480641.9167004,0.0,0.0
1627480641.9368377,0.0,0.0
1627480641.9860244,0.0,0.0
1627480642.0081694,0.0,0.0
1627480642.0619159,0.0,0.0
1627480642.1114993,0.0,0.0
1627480642.1289327,0.0,0.0
1627480642.1838682,0.0,0.0
1627480642.205488,0.0,0.0
1627480642.2549405,0.0,0.0
1627480642.2844138,0.0,0.0
1627480642.3397763,0.0,0.0
1627480642.388822,0.0,0.0
1627480642.4451926,0.0,0.0
1627480642.494374,0.0,0.0
1627480642.5475001,0.0,0.0
1627480642.5933342,0.0,0.0
1627480642.6428335,0.0,0.0
1627480642.6893754,0.0,0.0
1627480642.7397206,0.0,0.0
1627480642.7870727,0.0,0.0
1627480642.8366234,0.0,0.0
1627480642.886047,0.0,0.0
1627480642.9027865,0.0,0.0
1627480642.9571233,0.0,0.0
1627480642.9778237,0.0,0.0
1627480643.0286436,0.0,0.0
1627480643.0562263,0.0,0.0
1627480643.1064909,0.0,0.0
1627480643.1552207,0.0,0.0
1627480643.207547,0.0,0.0
1627480643.261274,0.0,0.0
1627480643.314064,0.0,0.0
1627480643.3368206,0.0,0.0
1627480643.3871872,0.0,0.0
1627480643.4182842,0.0,0.0
1627480643.469088,0.0,0.0
1627480643.4999201,0.0,0.0
1627480643.5499537,0.0,0.0
1627480643.5714755,0.0,0.0
1627480643.6247058,0.0,0.0
1627480643.6511197,0.0,0.0
1627480643.7009943,0.0,0.0
1627480643.7522135,0.0,0.0
1627480643.801639,0.0,0.0
1627480643.827492,0.0,0.0
1627480643.8789072,0.0,0.0
1627480643.9268773,0.0,0.0
1627480643.9769387,0.0,0.0
1627480644.0278585,0.0,0.0
1627480644.077635,0.0,0.0
1627480644.1301558,0.0,0.0
1627480644.179863,0.0,0.0
1627480644.2062657,0.0,0.0
1627480644.2563584,0.0,0.0
1627480644.3071117,0.0,0.0
1627480644.3595352,0.0,0.0
1627480644.3995838,0.0,0.0
1627480644.448849,0.0,0.0
1627480644.4697473,0.0,0.0
1627480644.5205355,0.0,0.0
1627480644.5463426,0.0,0.0
1627480644.599099,0.0,0.0
1627480644.646457,0.0,0.0
1627480644.6667507,0.0,0.0
1627480644.7115407,0.0,0.0
1627480644.7367928,0.0,0.0
1627480644.7844045,0.0,0.0
1627480644.8287947,0.0,0.0
1627480644.8485615,0.0,0.0
1627480644.921414,0.0,0.0
1627480644.9472249,0.0,0.0
1627480645.0057068,0.0,0.0
1627480645.0259702,0.0,0.0
1627480645.0743723,0.0,0.0
1627480645.1194332,0.0,0.0
1627480645.139485,0.0,0.0
1627480645.189322,0.0,0.0
1627480645.210119,0.0,0.0
1627480645.2588744,0.0,0.0
1627480645.289287,0.0,0.0
1627480645.3413858,0.0,0.0
1627480645.3664436,0.0,0.0
1627480645.4163435,0.0,0.0
1627480645.460047,0.0,0.0
1627480645.480035,0.0,0.0
1627480645.5239854,0.0,0.0
1627480645.5488477,0.0,0.0
1627480645.5986378,0.0,0.0
1627480645.6485043,0.0,0.0
1627480645.6966543,0.0,0.0
1627480645.721859,0.0,0.0
1627480645.7713397,0.0,0.0
1627480645.8148263,0.0,0.0
1627480645.86298,0.0,0.0
1627480645.9077618,0.0,0.0
1627480645.9283519,0.0,0.0
1627480645.9794865,0.0,0.0
1627480645.9994342,0.0,0.0
1627480646.0479503,0.0,0.0
1627480646.0721223,0.0,0.0
1627480646.121325,0.0,0.0
1627480646.1660168,0.0,0.0
1627480646.1851306,0.0,0.0
1627480646.2292612,0.0,0.0
1627480646.2497017,0.0,0.0
1627480646.2997375,0.0,0.0
1627480646.346501,0.0,0.0
1627480646.367152,0.0,0.0
1627480646.4098299,0.0,0.0
1627480646.4294267,0.0,0.0
1627480646.4789262,0.0,0.0
1627480646.5238264,0.0,0.0
1627480646.5385227,0.0,0.0
1627480646.5891685,0.0,0.0
1627480646.6154487,0.0,0.0
1627480646.6648333,0.0,0.0
1627480646.7095916,0.0,0.0
1627480646.7241485,0.0,0.0
1627480646.773511,0.0,0.0
1627480646.7931502,0.0,0.0
1627480646.841991,0.0,0.0
1627480646.8854067,0.0,0.0
1627480646.9002004,0.0,0.0
1627480646.950613,0.0,0.0
1627480646.9854112,0.0,0.0
1627480647.0347898,0.0,0.0
1627480647.083655,0.0,0.0
1627480647.0996623,0.0,0.0
1627480647.1492977,0.0,0.0
1627480647.178862,0.0,0.0
1627480647.2270505,0.0,0.0
1627480647.2750287,0.0,0.0
1627480647.3260484,0.0,0.0
1627480647.3751438,0.0,0.0
1627480647.4223187,0.0,0.0
1627480647.4463837,0.0,0.0
1627480647.4951715,0.0,0.0
1627480647.5438304,0.0,0.0
1627480647.558763,0.0,0.0
1627480647.606524,0.0,0.0
1627480647.6417916,0.0,0.0
1627480647.6899607,0.0,0.0
1627480647.7145243,0.0,0.0
1627480647.761918,0.0,0.0
1627480647.810754,0.0,0.0
1627480647.859188,0.0,0.0
1627480647.9087245,0.0,0.0
1627480647.9290595,0.0,0.0
1627480647.9799051,0.0,0.0
1627480648.0065293,0.0,0.0
1627480648.0566094,0.0,0.0
1627480648.1074593,0.0,0.0
1627480648.1604955,0.0,0.0
1627480648.1921961,0.0,0.0
1627480648.242182,0.0,0.0
1627480648.2833924,0.0,0.0
1627480648.3344958,0.0,0.0
1627480648.3590796,0.0,0.0
1627480648.4072714,0.0,0.0
1627480648.4499903,0.0,0.0
1627480648.4694862,0.0,0.0
1627480648.5369148,0.0,0.0
1627480648.5798721,0.0,0.0
1627480648.6332037,0.0,0.0
1627480648.6532476,0.0,0.0
1627480648.7019987,0.0,0.0
1627480648.7457168,0.0,0.0
1627480648.760804,0.0,0.0
1627480648.8092515,0.0,0.0
1627480648.8465147,0.0,0.0
1627480648.8929114,0.0,0.0
1627480648.9362812,0.0,0.0
1627480648.9510663,0.0,0.0
1627480648.9987128,0.0,0.0
1627480649.0469239,0.0,0.0
1627480649.0974178,0.0,0.0
1627480649.14499,0.0,0.0
1627480649.159211,0.0,0.0
1627480649.206511,0.0,0.0
1627480649.2422462,0.0,0.0
1627480649.2905014,0.0,0.0
1627480649.3428042,0.0,0.0
1627480649.3904645,0.0,0.0
1627480649.4345186,0.0,0.0
1627480649.4543462,0.0,0.0
1627480649.497856,0.0,0.0
1627480649.5175457,0.0,0.0
1627480649.5653145,0.0,0.0
1627480649.608956,0.0,0.0
1627480649.655401,0.0,0.0
1627480649.698381,0.0,0.0
1627480649.7226357,0.0,0.0
1627480649.7667165,0.0,0.0
1627480649.7816606,0.0,0.0
1627480649.8289378,0.0,0.0
1627480649.8726537,0.0,0.0
1627480649.8926256,0.0,0.0
1627480649.935623,0.0,0.0
1627480649.9595277,0.0,0.0
1627480650.008438,0.0,0.0
1627480650.0529835,0.0,0.0
1627480650.0675907,0.0,0.0
1627480650.114827,0.0,0.0
1627480650.152333,0.0,0.0
1627480650.1992486,0.0,0.0
1627480650.242648,0.0,0.0
1627480650.291705,0.0,0.0
1627480650.3380823,0.0,0.0
1627480650.3571045,0.0,0.0
1627480650.4057078,0.0,0.0
1627480650.4207497,0.0,0.0
1627480650.467416,0.0,0.0
1627480650.4979026,0.0,0.0
1627480650.544802,0.0,0.0
1627480650.587771,0.0,0.0
1627480650.6077569,0.0,0.0
1627480650.6550238,0.0,0.0
1627480650.6983993,0.0,0.0
1627480650.7176464,0.0,0.0
1627480650.7608488,0.0,0.0
1627480650.7858455,0.0,0.0
1627480650.832837,0.0,0.0
1627480650.8755467,0.0,0.0
1627480650.8943331,0.0,0.0
1627480650.9368348,0.0,0.0
1627480650.977173,0.0,0.0
1627480651.024673,0.0,0.0
1627480651.0672884,0.0,0.0
1627480651.114247,0.0,0.0
1627480651.1565807,0.0,0.0
1627480651.171221,0.0,0.0
1627480651.2180843,0.0,0.0
1627480651.260412,0.0,0.0
1627480651.2745728,0.0,0.0
1627480651.3215542,0.0,0.0
1627480651.3626475,0.0,0.0
1627480651.380972,0.0,0.0
1627480651.4272501,0.0,0.0
1627480651.4514582,0.0,0.0
1627480651.5024788,0.0,0.0
1627480651.5405786,0.0,0.0
1627480651.5550535,0.0,0.0
1627480651.6057622,0.0,0.0
1627480651.6513197,0.0,0.0
1627480651.665752,0.0,0.0
1627480651.7122083,0.0,0.0
1627480651.747805,0.0,0.0
1627480651.796624,0.0,0.0
1627480651.839773,0.0,0.0
1627480651.8597925,0.0,0.0
1627480651.9100637,0.0,0.0
1627480651.9372785,0.0,0.0
1627480651.98927,0.0,0.0
1627480652.0377545,0.0,0.0
1627480652.0586123,0.0,0.0
1627480652.1090004,0.0,0.0
1627480652.1256278,0.0,0.0
1627480652.1773043,0.0,0.0
1627480652.218567,0.0,0.0
1627480652.266257,0.0,0.0
1627480652.2918665,0.0,0.0
1627480652.3387668,0.0,0.0
1627480652.3914468,0.0,0.0
1627480652.4111335,0.0,0.0
1627480652.4614284,0.0,0.0
1627480652.4869428,0.0,0.0
1627480652.538,0.0,0.0
1627480652.5827353,0.0,0.0
1627480652.6257386,0.0,0.0
1627480652.6774096,0.0,0.0
1627480652.6929908,0.0,0.0
1627480652.7443583,0.0,0.0
1627480652.7905033,0.0,0.0
1627480652.8371246,0.0,0.0
1627480652.8638992,0.0,0.0
1627480652.9133894,0.0,0.0
1627480652.9392724,0.0,0.0
1627480652.995166,0.0,0.0
1627480653.0147462,0.0,0.0
1627480653.0617614,0.0,0.0
1627480653.0879388,0.0,0.0
1627480653.1363583,0.0,0.0
1627480653.1608632,0.0,0.0
1627480653.208331,0.0,0.0
1627480653.2505317,0.0,0.0
1627480653.2997267,0.0,0.0
1627480653.3443966,0.0,0.0
1627480653.3595634,0.0,0.0
1627480653.406518,0.0,0.0
1627480653.4316401,0.0,0.0
1627480653.4821658,0.0,0.0
1627480653.52871,0.0,0.0
1627480653.5448353,0.0,0.0
1627480653.5951488,0.0,0.0
1627480653.6205363,0.0,0.0
1627480653.6708407,0.0,0.0
1627480653.7161245,0.0,0.0
1627480653.7633328,0.0,0.0
1627480653.8072917,0.0,0.0
1627480653.8235345,0.0,0.0
1627480653.8705008,0.0,0.0
1627480653.9138572,0.0,0.0
1627480653.961831,0.0,0.0
1627480653.9916596,0.0,0.0
1627480654.041374,0.0,0.0
1627480654.0858178,0.0,0.0
1627480654.103912,0.0,0.0
1627480654.1533005,0.0,0.0
1627480654.1674113,0.0,0.0
1627480654.2153316,0.0,0.0
1627480654.2583518,0.0,0.0
1627480654.2734659,0.0,0.0
1627480654.3237855,0.0,0.0
1627480654.37141,0.0,0.0
1627480654.3876014,0.0,0.0
1627480654.4381993,0.0,0.0
1627480654.4573667,0.0,0.0
1627480654.5056696,0.0,0.0
1627480654.5296595,0.0,0.0
1627480654.5782003,0.0,0.0
1627480654.6217792,0.0,0.0
1627480654.6366382,0.0,0.0
1627480654.6844258,0.0,0.0
1627480654.7199357,0.0,0.0
1627480654.7672555,0.0,0.0
1627480654.8099906,0.0,0.0
1627480654.8245537,0.0,0.0
1627480654.8824573,0.0,0.0
1627480654.9310966,0.0,0.0
1627480654.9780042,0.0,0.0
1627480655.0257065,0.0,0.0
1627480655.0740201,0.0,0.0
1627480655.1169195,0.0,0.0
1627480655.1366858,0.0,0.0
1627480655.1802924,0.0,0.0
1627480655.2031069,0.0,0.0
1627480655.2520256,0.0,0.0
1627480655.3005936,0.0,0.0
1627480655.3169508,0.0,0.0
1627480655.369978,0.0,0.0
1627480655.3916364,0.0,0.0
1627480655.44437,0.0,0.0
1627480655.4709573,0.0,0.0
1627480655.5216155,0.0,0.0
1627480655.5689757,0.0,0.0
1627480655.5847754,0.0,0.0
1627480655.635776,0.0,0.0
1627480655.6665394,0.0,0.0
1627480655.7572858,0.0,0.0
1627480655.8019297,0.0,0.0
1627480655.852529,0.0,0.0
1627480655.898502,0.0,0.0
1627480655.919072,0.0,0.0
1627480655.969356,0.0,0.0
1627480655.9852133,0.0,0.0
1627480656.030549,0.0,0.0
1627480656.0816836,0.0,0.0
1627480656.1022103,0.0,0.0
1627480656.1531518,0.0,0.0
1627480656.1787963,0.0,0.0
1627480656.2267604,0.0,0.0
1627480656.272664,0.0,0.0
1627480656.2953515,0.0,0.0
1627480656.3414514,0.0,0.0
1627480656.3876934,0.0,0.0
1627480656.430721,0.0,0.0
1627480656.4770093,0.0,0.0
1627480656.492111,0.0,0.0
1627480656.539248,0.0,0.0
1627480656.5702612,0.0,0.0
1627480656.6192145,0.0,0.0
1627480656.656442,0.0,0.0
1627480656.6802335,0.0,0.0
1627480656.7267687,0.0,0.0
1627480656.7697434,0.0,0.0
1627480656.7888162,0.0,0.0
1627480656.836833,0.0,0.0
1627480656.857063,0.0,0.0
1627480656.9031086,0.0,0.0
1627480656.9459515,0.0,0.0
1627480656.9650996,0.0,0.0
1627480657.008804,0.0,0.0
1627480657.048595,0.0,0.0
1627480657.0950654,0.0,0.0
1627480657.1349769,0.0,0.0
1627480657.1819284,0.0,0.0
1627480657.224761,0.0,0.0
1627480657.2729652,0.0,0.0
1627480657.2933047,0.0,0.0
1627480657.3434784,0.0,0.0
1627480657.3881931,0.0,0.0
1627480657.4078946,0.0,0.0
1627480657.451766,0.0,0.0
1627480657.476566,0.0,0.0
1627480657.5245757,0.0,0.0
1627480657.5677626,0.0,0.0
1627480657.6158493,0.0,0.0
1627480657.6593843,0.0,0.0
1627480657.6791146,0.0,0.0
1627480657.727598,0.0,0.0
1627480657.7421474,0.0,0.0
1627480657.7903523,0.0,0.0
1627480657.83472,0.0,0.0
1627480657.8505516,0.0,0.0
1627480657.8964946,0.0,0.0
1627480657.9217346,0.0,0.0
1627480657.969195,0.0,0.0
1627480658.0124133,0.0,0.0
1627480658.0317588,0.0,0.0
1627480658.0770361,0.0,0.0
1627480658.100612,0.0,0.0
1627480658.148962,0.0,0.0
1627480658.1921997,0.0,0.0
1627480658.2405674,0.0,0.0
1627480658.2837598,0.0,0.0
1627480658.2991507,0.0,0.0
1627480658.350244,0.0,0.0
1627480658.3933685,0.0,0.0
1627480658.4448438,0.0,0.0
1627480658.4870312,0.0,0.0
1627480658.501655,0.0,0.0
1627480658.5492752,0.0,0.0
1627480658.5839977,0.0,0.0
1627480658.6334655,0.0,0.0
1627480658.6738503,0.0,0.0
1627480658.7219658,0.0,0.0
1627480658.7650537,0.0,0.0
1627480658.815134,0.0,0.0
1627480658.855496,0.0,0.0
1627480658.8700716,0.0,0.0
1627480658.9185228,0.0,0.0
1627480658.962496,0.0,0.0
1627480658.9815803,0.0,0.0
1627480659.0291708,0.0,0.0
1627480659.0437412,0.0,0.0
1627480659.0910966,0.0,0.0
1627480659.137338,0.0,0.0
1627480659.185387,0.0,0.0
1627480659.2304344,0.0,0.0
1627480659.2504206,0.0,0.0
1627480659.2939267,0.0,0.0
1627480659.3134036,0.0,0.0
1627480659.3635378,0.0,0.0
1627480659.411084,0.0,0.0
1627480659.4274018,0.0,0.0
1627480659.4763837,0.0,0.0
1627480659.4924638,0.0,0.0
1627480659.5366583,0.0,0.0
1627480659.5801063,0.0,0.0
1627480659.604378,0.0,0.0
1627480659.6485791,0.0,0.0
1627480659.6975954,0.0,0.0
1627480659.7169116,0.0,0.0
1627480659.7607481,0.0,0.0
1627480659.7802687,0.0,0.0
1627480659.8249407,0.0,0.0
1627480659.8682544,0.0,0.0
1627480659.8873167,0.0,0.0
1627480659.9328158,0.0,0.0
1627480659.9809794,0.0,0.0
1627480660.0009186,0.0,0.0
1627480660.0495834,0.0,0.0
1627480660.0737803,0.0,0.0
1627480660.1173553,0.0,0.0
1627480660.1671226,0.0,0.0
1627480660.1865544,0.0,0.0
1627480660.230563,0.0,0.0
1627480660.2702005,0.0,0.0
1627480660.3202784,0.0,0.0
1627480660.365382,0.0,0.0
1627480660.3801672,0.0,0.0
1627480660.4279182,0.0,0.0
1627480660.4472985,0.0,0.0
1627480660.4947705,0.0,0.0
1627480660.5389574,0.0,0.0
1627480660.5642064,0.0,0.0
1627480660.607151,0.0,0.0
1627480660.6221907,0.0,0.0
1627480660.6722734,0.0,0.0
1627480660.7134948,0.0,0.0
1627480660.7326925,0.0,0.0
1627480660.776141,0.0,0.0
1627480660.8003187,0.0,0.0
1627480660.8484848,0.0,0.0
1627480660.8911667,0.0,0.0
1627480660.915589,0.0,0.0
1627480660.9583895,0.0,0.0
1627480660.9794538,0.0,0.0
1627480661.0276814,0.0,0.0
1627480661.071304,0.0,0.0
1627480661.0863981,0.0,0.0
1627480661.1341567,0.0,0.0
1627480661.168419,0.0,0.0
1627480661.21911,0.0,0.0
1627480661.240733,0.0,0.0
1627480661.2878723,0.0,0.0
1627480661.3314862,0.0,0.0
1627480661.354147,0.0,0.0
1627480661.402117,0.0,0.0
1627480661.4168763,0.0,0.0
1627480661.464338,0.0,0.0
1627480661.4936612,0.0,0.0
1627480661.5410917,0.0,0.0
1627480661.5848277,0.0,0.0
1627480661.601866,0.0,0.0
1627480661.6510954,0.0,0.0
1627480661.6963055,0.0,0.0
1627480661.742458,0.0,0.0
1627480661.7859309,0.0,0.0
1627480661.8014352,0.0,0.0
1627480661.8499074,0.0,0.0
1627480661.8907063,0.0,0.0
1627480661.9388335,0.0,0.0
1627480661.981457,0.0,0.0
1627480662.029977,0.0,0.0
1627480662.0733685,0.0,0.0
1627480662.0879385,0.0,0.0
1627480662.1356804,0.0,0.0
1627480662.18103,0.0,0.0
1627480662.200424,0.0,0.0
1627480662.2479286,0.0,0.0
1627480662.272648,0.0,0.0
1627480662.3198946,0.0,0.0
1627480662.365647,0.0,0.0
1627480662.3806984,0.0,0.0
1627480662.4284294,0.0,0.0
1627480662.4683194,0.0,0.0
1627480662.5168068,0.0,0.0
1627480662.5602918,0.0,0.0
1627480662.5796669,0.0,0.0
1627480662.623095,0.0,0.0
1627480662.647419,0.0,0.0
1627480662.6942525,0.0,0.0
1627480662.7373428,0.0,0.0
1627480662.7526708,0.0,0.0
1627480662.7993436,0.0,0.0
1627480662.8430452,0.0,0.0
1627480662.8676264,0.0,0.0
1627480662.9101458,0.0,0.0
1627480662.9300592,0.0,0.0
1627480662.9731822,0.0,0.0
1627480663.0221436,0.0,0.0
1627480663.0418282,0.0,0.0
1627480663.089973,0.0,0.0
1627480663.114096,0.0,0.0
1627480663.157436,0.0,0.0
1627480663.2046368,0.0,0.0
1627480663.2248535,0.0,0.0
1627480663.2718847,0.0,0.0
1627480663.2972052,0.0,0.0
1627480663.340142,0.0,0.0
1627480663.3906434,0.0,0.0
1627480663.4109936,0.0,0.0
1627480663.4545121,0.0,0.0
1627480663.4938295,0.0,0.0
1627480663.5370078,0.0,0.0
1627480663.5853121,0.0,0.0
1627480663.6049254,0.0,0.0
1627480663.6515458,0.0,0.0
1627480663.6782472,0.0,0.0
1627480663.724697,0.0,0.0
1627480663.7748928,0.0,0.0
1627480663.796135,0.0,0.0
1627480663.841119,0.0,0.0
1627480663.879386,0.0,0.0
1627480663.9259102,0.0,0.0
1627480663.9765208,0.0,0.0
1627480663.9913979,0.0,0.0
1627480664.0361888,0.0,0.0
1627480664.079948,0.0,0.0
1627480664.1268306,0.0,0.0
1627480664.153843,0.0,0.0
1627480664.195141,0.0,0.0
1627480664.2655463,0.0,0.0
1627480664.2922702,0.0,0.0
1627480664.3497725,0.0,0.0
1627480664.3700016,0.0,0.0
1627480664.4245944,0.0,0.0
1627480664.448314,0.0,0.0
1627480664.4972267,0.0,0.0
1627480664.540498,0.0,0.0
1627480664.5603995,0.0,0.0
1627480664.6043835,0.0,0.0
1627480664.6294858,0.0,0.0
1627480664.681832,0.0,0.0
1627480664.7281575,0.0,0.0
1627480664.7789695,0.0,0.0
1627480664.8265362,0.0,0.0
1627480664.841413,0.0,0.0
1627480664.889514,0.0,0.0
1627480664.9089599,0.0,0.0
1627480664.9562387,0.0,0.0
1627480665.000182,0.0,0.0
1627480665.0201135,0.0,0.0
1627480665.0950646,0.0,0.0
1627480665.1277685,0.0,0.0
1627480665.1778226,0.0,0.0
1627480665.2023802,0.0,0.0
1627480665.2540903,0.0,0.0
1627480665.2995095,0.0,0.0
1627480665.31377,0.0,0.0
1627480665.3609107,0.0,0.0
1627480665.375007,0.0,0.0
1627480665.4285457,0.0,0.0
1627480665.4682126,0.0,0.0
1627480665.485347,0.0,0.0
1627480665.5302212,0.0,0.0
1627480665.5747316,0.0,0.0
1627480665.6219697,0.0,0.0
1627480665.6669695,0.0,0.0
1627480665.6862237,0.0,0.0
1627480665.7337961,0.0,0.0
1627480665.7629707,0.0,0.0
1627480665.8128345,0.0,0.0
1627480665.857954,0.0,0.0
1627480665.9065187,0.0,0.0
1627480665.948813,0.0,0.0
1627480665.9638388,0.0,0.0
1627480666.012112,0.0,0.0
1627480666.058129,0.0,0.0
1627480666.0742621,0.0,0.0
1627480666.1227784,0.0,0.0
1627480666.1435003,0.0,0.0
1627480666.1932948,0.0,0.0
1627480666.2403567,0.0,0.0
1627480666.2568266,0.0,0.0
1627480666.3053322,0.0,0.0
1627480666.324961,0.0,0.0
1627480666.3720574,0.0,0.0
1627480666.4183922,0.0,0.0
1627480666.434984,0.0,0.0
1627480666.4814396,0.0,0.0
1627480666.5331197,0.0,0.0
1627480666.553534,0.0,0.0
1627480666.602112,0.0,0.0
1627480666.6193345,0.0,0.0
1627480666.6681054,0.0,0.0
1627480666.714073,0.0,0.0
1627480666.727777,0.0,0.0
1627480666.7758467,0.0,0.0
1627480666.8014936,0.0,0.0
1627480666.8510346,0.0,0.0
1627480666.8974996,0.0,0.0
1627480666.9186401,0.0,0.0
1627480666.9641364,0.0,0.0
1627480666.984644,0.0,0.0
1627480667.0332577,0.0,0.0
1627480667.064958,0.0,0.0
1627480667.1116517,0.0,0.0
1627480667.1633403,0.0,0.0
1627480667.1798694,0.0,0.0
1627480667.2261422,0.0,0.0
1627480667.3096833,0.0,0.0
1627480667.3418374,0.0,0.0
1627480667.3902435,0.0,0.0
1627480667.4103265,0.0,0.0
1627480667.4547248,0.0,0.0
1627480667.493786,0.0,0.0
1627480667.5355637,0.0,0.0
1627480667.5782351,0.0,0.0
1627480667.5977435,0.0,0.0
1627480667.643231,0.0,0.0
1627480667.6876829,0.0,0.0
1627480667.7069645,0.0,0.0
1627480667.7508535,0.0,0.0
1627480667.7953076,0.0,0.0
1627480667.818449,0.0,0.0
1627480667.8612068,0.0,0.0
1627480667.9102306,0.0,0.0
1627480667.924356,0.0,0.0
1627480667.9716704,0.0,0.0
1627480668.01491,0.0,0.0
1627480668.0664868,0.0,0.0
1627480668.0827804,0.0,0.0
1627480668.128715,0.0,0.0
1627480668.178265,0.0,0.0
1627480668.1946995,0.0,0.0
1627480668.2461758,0.0,0.0
1627480668.2863731,0.0,0.0
1627480668.333795,0.0,0.0
1627480668.3722851,0.0,0.0
1627480668.4189425,0.0,0.0
1627480668.4646275,0.0,0.0
1627480668.512805,0.0,0.0
1627480668.557032,0.0,0.0
1627480668.6043694,0.0,0.0
1627480668.647617,0.0,0.0
1627480668.6624372,0.0,0.0
1627480668.7097182,0.0,0.0
1627480668.745765,0.0,0.0
1627480668.7930858,0.0,0.0
1627480668.8164594,0.0,0.0
1627480668.8645225,0.0,0.0
1627480668.9071548,0.0,0.0
1627480668.9272325,0.0,0.0
1627480668.9759839,0.0,0.0
1627480669.0013447,0.0,0.0
1627480669.051382,0.0,0.0
1627480669.093641,0.0,0.0
1627480669.1140454,0.0,0.0
1627480669.1645539,0.0,0.0
1627480669.1792889,0.0,0.0
1627480669.2260566,0.0,0.0
1627480669.2695482,0.0,0.0
1627480669.2892435,0.0,0.0
1627480669.3321514,0.0,0.0
1627480669.355893,0.0,0.0
1627480669.403464,0.0,0.0
1627480669.4486883,0.0,0.0
1627480669.4640207,0.0,0.0
1627480669.511462,0.0,0.0
1627480669.5499372,0.0,0.0
1627480669.5975938,0.0,0.0
1627480669.6164827,0.0,0.0
1627480669.6647532,0.0,0.0
1627480669.706962,0.0,0.0
1627480669.7262125,0.0,0.0
1627480669.76977,0.0,0.0
1627480669.8073957,0.0,0.0
1627480669.8539796,0.0,0.0
1627480669.874164,0.0,0.0
1627480669.921597,0.0,0.0
1627480669.9639797,0.0,0.0
1627480669.9838037,0.0,0.0
1627480670.0269182,0.0,0.0
1627480670.0547018,0.0,0.0
1627480670.1074195,0.0,0.0
1627480670.154295,0.0,0.0
1627480670.1798909,0.0,0.0
1627480670.2597446,0.0,0.0
1627480670.2808332,0.0,0.0
1627480670.3280244,0.0,0.0
1627480670.3480027,0.0,0.0
1627480670.3974216,0.0,0.0
1627480670.4456658,0.0,0.0
1627480670.487123,0.0,0.0
1627480670.5349412,0.0,0.0
1627480670.5505035,0.0,0.0
1627480670.598392,0.0,0.0
1627480670.6423438,0.0,0.0
1627480670.664315,0.0,0.0
1627480670.7104754,0.0,0.0
1627480670.7297225,0.0,0.0
1627480670.7735379,0.0,0.0
1627480670.8211365,0.0,0.0
1627480670.846117,0.0,0.0
1627480670.8892293,0.0,0.0
1627480670.9236586,0.0,0.0
1627480670.9703257,0.0,0.0
1627480671.0209157,0.0,0.0
1627480671.0406501,0.0,0.0
1627480671.0836906,0.0,0.0
1627480671.1041603,0.0,0.0
1627480671.1471531,0.0,0.0
1627480671.1958377,0.0,0.0
1627480671.2157836,0.0,0.0
1627480671.2650976,0.0,0.0
1627480671.290477,0.0,0.0
1627480671.3338346,0.0,0.0
1627480671.383255,0.0,0.0
1627480671.4033875,0.0,0.0
1627480671.4486148,0.0,0.0
1627480671.4909732,0.0,0.0
1627480671.5337458,0.0,0.0
1627480671.5534515,0.0,0.0
1627480671.5961797,0.0,0.0
1627480671.6433015,0.0,0.0
1627480671.665649,0.0,0.0
1627480671.713489,0.0,0.0
1627480671.738452,0.0,0.0
1627480671.7816913,0.0,0.0
1627480671.829839,0.0,0.0
1627480671.8498547,0.0,0.0
1627480671.8932736,0.0,0.0
1627480671.9314277,0.0,0.0
1627480671.979136,0.0,0.0
1627480671.998414,0.0,0.0
1627480672.0487297,0.0,0.0
1627480672.0896938,0.0,0.0
1627480672.1050925,0.0,0.0
1627480672.151821,0.0,0.0
1627480672.1926215,0.0,0.0
1627480672.2436736,0.0,0.0
1627480672.2892113,0.0,0.0
1627480672.3039641,0.0,0.0
1627480672.3507957,0.0,0.0
1627480672.3707893,0.0,0.0
1627480672.4185123,0.0,0.0
1627480672.4645197,0.0,0.0
1627480672.480539,0.0,0.0
1627480672.531511,0.0,0.0
1627480672.5511434,0.0,0.0
1627480672.5983932,0.0,0.0
1627480672.6417134,0.0,0.0
1627480672.657082,0.0,0.0
1627480672.705093,0.0,0.0
1627480672.7481005,0.0,0.0
1627480672.7954354,0.0,0.0
1627480672.8383007,0.0,0.0
1627480672.8536415,0.0,0.0
1627480672.9013925,0.0,0.0
1627480672.9418736,0.0,0.0
1627480672.9901555,0.0,0.0
1627480673.035141,0.0,0.0
1627480673.0519516,0.0,0.0
1627480673.0986655,0.0,0.0
1627480673.1180162,0.0,0.0
1627480673.1657999,0.0,0.0
1627480673.2091014,0.0,0.0
1627480673.2298493,0.0,0.0
1627480673.2747798,0.0,0.0
1627480673.3162203,0.0,0.0
1627480673.365013,0.0,0.0
1627480673.3836467,0.0,0.0
1627480673.4316466,0.0,0.0
1627480673.4583428,0.0,0.0
1627480673.5061133,0.0,0.0
1627480673.551543,0.0,0.0
1627480673.57468,0.0,0.0
1627480673.6162295,0.0,0.0
1627480673.6364477,0.0,0.0
1627480673.6836832,0.0,0.0
1627480673.7278035,0.0,0.0
1627480673.752826,0.0,0.0
1627480673.79861,0.0,0.0
1627480673.817888,0.0,0.0
1627480673.8664382,0.0,0.0
1627480673.909611,0.0,0.0
1627480673.9256334,0.0,0.0
1627480673.9754336,0.0,0.0
1627480674.0100582,0.0,0.0
1627480674.058633,0.0,0.0
1627480674.1017747,0.0,0.0
1627480674.1171095,0.0,0.0
1627480674.1647303,0.0,0.0
1627480674.2098072,0.0,0.0
1627480674.254912,0.0,0.0
1627480674.3007555,0.0,0.0
1627480674.3204587,0.0,0.0
1627480674.368583,0.0,0.0
1627480674.3979082,0.0,0.0
1627480674.4427626,0.0,0.0
1627480674.4916394,0.0,0.0
1627480674.5066137,0.0,0.0
1627480674.5540931,0.0,0.0
1627480674.578736,0.0,0.0
1627480674.6211147,0.0,0.0
1627480674.6696265,0.0,0.0
1627480674.6890876,0.0,0.0
1627480674.7310464,0.0,0.0
1627480674.7740982,0.0,0.0
1627480674.8225439,0.0,0.0
1627480674.8464854,0.0,0.0
1627480674.8897994,0.0,0.0
1627480674.9369361,0.0,0.0
1627480674.9565327,0.0,0.0
1627480675.0002973,0.0,0.0
1627480675.0306962,0.0,0.0
1627480675.0711663,0.0,0.0
1627480675.1184227,0.0,0.0
1627480675.1386218,0.0,0.0
1627480675.181457,0.0,0.0
1627480675.2238479,0.0,0.0
1627480675.2433097,0.0,0.0
1627480675.2869394,0.0,0.0
1627480675.3346093,0.0,0.0
1627480675.3499897,0.0,0.0
1627480675.3957384,0.0,0.0
1627480675.441076,0.0,0.0
1627480675.4623647,0.0,0.0
1627480675.5114815,0.0,0.0
1627480675.5568156,0.0,0.0
1627480675.6058085,0.0,0.0
1627480675.6307228,0.0,0.0
1627480675.6751044,0.0,0.0
1627480675.726074,0.0,0.0
1627480675.740826,0.0,0.0
1627480675.789017,0.0,0.0
1627480675.8294694,0.0,0.0
1627480675.8788261,0.0,0.0
1627480675.8939917,0.0,0.0
1627480675.9428666,0.0,0.0
1627480675.98626,0.0,0.0
1627480676.0016198,0.0,0.0
1627480676.0510595,0.0,0.0
1627480676.0929084,0.0,0.0
1627480676.144446,0.0,0.0
1627480676.1754606,0.0,0.0
1627480676.2246325,0.0,0.0
1627480676.2534175,0.0,0.0
1627480676.3032758,0.0,0.0
1627480676.3471417,0.0,0.0
1627480676.3615575,0.0,0.0
1627480676.4120467,0.0,0.0
1627480676.4376767,0.0,0.0
1627480676.4904919,0.0,0.0
1627480676.535395,0.0,0.0
1627480676.5518956,0.0,0.0
1627480676.6035886,0.0,0.0
1627480676.6411324,0.0,0.0
