time,v,omega
1627480256.8261173,0.0,0.0
1627480256.8688796,0.0,0.0
1627480256.8869805,0.0,0.0
1627480256.9352756,0.0,0.0
1627480256.9586766,0.0,0.0
1627480257.011232,0.0,0.0
1627480257.0545688,0.0,0.0
1627480257.0879695,0.0,0.0
1627480257.1869671,0.0,0.0
1627480257.2501142,0.0,0.0
1627480257.304873,0.0,0.0
1627480257.325578,0.0,0.0
1627480257.375334,0.0,0.0
1627480257.422806,0.0,0.0
1627480257.436524,0.0,0.0
1627480257.486547,0.0,0.0
1627480257.5051582,0.0,0.0
1627480257.5615835,0.0,0.0
1627480257.6089954,0.0,0.0
1627480257.658307,0.0,0.0
1627480257.7063298,0.0,0.0
1627480257.7576437,0.0,0.0
1627480257.8058522,0.0,0.0
1627480257.8204072,0.0,0.0
1627480257.8702657,0.0,0.0
1627480257.890588,0.0,0.0
1627480257.9468527,0.0,0.0
1627480257.972244,0.0,0.0
1627480258.0183318,0.0,0.0
1627480258.0702572,0.0,0.0
1627480258.084229,0.0,0.0
1627480258.1347342,0.0,0.0
1627480258.1754498,0.0,0.0
1627480258.2267365,0.0,0.0
1627480258.2681887,0.0,0.0
1627480258.3186648,0.0,0.0
1627480258.3661993,0.0,0.0
1627480258.4157367,0.0,0.0
1627480258.4613967,0.0,0.0
1627480258.5126102,0.0,0.0
1627480258.5582597,0.0,0.0
1627480258.6080787,0.0,0.0
1627480258.6528547,0.0,0.0
1627480258.677866,0.0,0.0
1627480258.7276816,0.0,0.0
1627480258.7422314,0.0,0.0
1627480258.794814,0.0,0.0
1627480258.8346744,0.0,0.0
1627480258.8851767,0.0,0.0
1627480258.9102504,0.0,0.0
1627480258.959639,0.0,0.0
1627480259.0133224,0.0,0.0
1627480259.025018,0.0,0.0
1627480259.0710583,0.0,0.0
1627480259.0897083,0.0,0.0
1627480259.135401,0.0,0.0
1627480259.1714246,0.0,0.0
1627480259.2223725,0.0,0.0
1627480259.2427428,0.0,0.0
1627480259.294133,0.0,0.0
1627480259.3422077,0.0,0.0
1627480259.3628173,0.0,0.0
1627480259.4143429,0.0,0.0
1627480259.4351175,0.0,0.0
1627480259.4862876,0.0,0.0
1627480259.512188,0.0,0.0
1627480259.5596626,0.0,0.0
1627480259.6027863,0.0,0.0
1627480259.622383,0.0,0.0
1627480259.675132,0.0,0.0
1627480259.6858945,0.0,0.0
1627480259.7349675,0.0,0.0
1627480259.7788086,0.0,0.0
1627480259.793993,0.0,0.0
1627480259.845611,0.0,0.0
1627480259.8856177,0.0,0.0
1627480259.935245,0.0,0.0
1627480259.981097,0.0,0.0
1627480259.993578,0.0,0.0
1627480260.042626,0.0,0.0
1627480260.0616052,0.0,0.0
1627480260.1098025,0.0,0.0
1627480260.1531174,0.0,0.0
1627480260.1683693,0.0,0.0
1627480260.2167325,0.0,0.0
1627480260.2521062,0.0,0.0
1627480260.300444,0.0,0.0
1627480260.338759,0.0,0.0
1627480260.3585596,0.0,0.0
1627480260.4058857,0.0,0.0
1627480260.452575,0.0,0.0
1627480260.4772365,0.0,0.0
1627480260.5204473,0.0,0.0
1627480260.5402634,0.0,0.0
1627480260.584281,0.0,0.0
1627480260.6234012,0.0,0.0
1627480260.6756916,0.0,0.0
1627480260.692217,0.0,0.0
1627480260.7423663,0.0,0.0
1627480260.7856166,0.0,0.0
1627480260.805552,0.0,0.0
1627480260.8521175,0.0,0.0
1627480260.8723495,0.0,0.0
1627480260.9207451,0.0,0.0
1627480260.9646382,0.0,0.0
1627480260.9847932,0.0,0.0
1627480261.028425,0.0,0.0
1627480261.048598,0.0,0.0
1627480261.098849,0.0,0.0
1627480261.1424234,0.0,0.0
1627480261.1625788,0.0,0.0
1627480261.2095873,0.0,0.0
1627480261.2392993,0.0,0.0
1627480261.2850494,0.0,0.0
1627480261.332561,0.0,0.0
1627480261.3485136,0.0,0.0
1627480261.3983626,0.0,0.0
1627480261.4214463,0.0,0.0
1627480261.4659612,0.0,0.0
1627480261.536986,0.0,0.0
1627480261.566663,0.0,0.0
1627480261.6255474,0.0,0.0
1627480261.6418135,0.0,0.0
1627480261.6915972,0.0,0.0
1627480261.7344515,0.0,0.0
1627480261.785302,0.0,0.0
1627480261.8062027,0.0,0.0
1627480261.8675249,0.0,0.0
1627480261.8951578,0.0,0.0
1627480261.9465525,0.0,0.0
1627480261.9935024,0.0,0.0
1627480262.0458953,0.0,0.0
1627480262.0927708,0.0,0.0
1627480262.1088252,0.0,0.0
1627480262.1586149,0.0,0.0
1627480262.1757228,0.0,0.0
1627480262.2273672,0.0,0.0
1627480262.273745,0.0,0.0
1627480262.3631938,0.0,0.0
1627480262.4236891,0.0,0.0
1627480262.469471,0.0,0.0
1627480262.5204654,0.0,0.0
1627480262.5409262,0.0,0.0
1627480262.5896108,0.0,0.0
1627480262.609444,0.0,0.0
1627480262.661982,0.0,0.0
1627480262.7109005,0.0,0.0
1627480262.7327025,0.0,0.0
1627480262.788308,0.0,0.0
1627480262.8033748,0.0,0.0
1627480262.8587968,0.0,0.0
1627480262.9024088,0.0,0.0
1627480262.9569957,0.0,0.0
1627480262.9841578,0.0,0.0
1627480263.0345645,0.0,0.0
1627480263.0584652,0.0,0.0
1627480263.1166887,0.0,0.0
1627480263.184397,0.0,0.0
1627480263.2384403,0.0,0.0
1627480263.2576697,0.0,0.0
1627480263.3063715,0.0,0.0
1627480263.3361619,0.0,0.0
1627480263.3849087,0.0,0.0
1627480263.4253771,0.0,0.0
1627480263.4729555,0.0,0.0
1627480263.5180748,0.0,0.0
1627480263.5381286,0.0,0.0
1627480263.5814528,0.0,0.0
1627480263.6028697,0.0,0.0
1627480263.654762,0.0,0.0
1627480263.699572,0.0,0.0
1627480263.7218812,0.0,0.0
1627480263.7732673,0.0,0.0
1627480263.7883713,0.0,0.0
1627480263.8397477,0.0,0.0
1627480263.886562,0.0,0.0
1627480263.936221,0.0,0.0
1627480263.9793034,0.0,0.0
1627480264.0282042,0.0,0.0
1627480264.0723336,0.0,0.0
1627480264.1015322,0.0,0.0
1627480264.1504788,0.0,0.0
1627480264.166418,0.0,0.0
1627480264.219674,0.0,0.0
1627480264.265112,0.0,0.0
1627480264.3146803,0.0,0.0
1627480264.3342729,0.0,0.0
1627480264.3851686,0.0,0.0
1627480264.4182324,0.0,0.0
1627480264.4697304,0.0,0.0
1627480264.500709,0.0,0.0
1627480264.5492792,0.0,0.0
1627480264.576256,0.0,0.0
1627480264.6256568,0.0,0.0
1627480264.6710198,0.0,0.0
1627480264.6939328,0.0,0.0
1627480264.740091,0.0,0.0
1627480264.7564359,0.0,0.0
1627480264.8045752,0.0,0.0
1627480264.8520207,0.0,0.0
1627480264.9025671,0.0,0.0
1627480264.9465008,0.0,0.0
1627480264.9986467,0.0,0.0
1627480265.0428646,0.0,0.0
1627480265.0572608,0.0,0.0
1627480265.106183,0.0,0.0
1627480265.1454978,0.0,0.0
1627480265.19674,0.0,0.0
1627480265.2446706,0.0,0.0
1627480265.2606423,0.0,0.0
1627480265.3133786,0.0,0.0
1627480265.3339565,0.0,0.0
1627480265.3824706,0.0,0.0
1627480265.428192,0.0,0.0
1627480265.4476738,0.0,0.0
1627480265.4998672,0.0,0.0
1627480265.5197167,0.0,0.0
1627480265.5688279,0.0,0.0
1627480265.5943727,0.0,0.0
1627480265.6444783,0.0,0.0
1627480265.6939948,0.0,0.0
1627480265.7157974,0.0,0.0
1627480265.7618897,0.0,0.0
1627480265.78303,0.0,0.0
1627480265.832554,0.0,0.0
1627480265.8541112,0.0,0.0
1627480265.903115,0.0,0.0
1627480265.946744,0.0,0.0
1627480265.9715452,0.0,0.0
1627480266.0225937,0.0,0.0
1627480266.0361404,0.0,0.0
1627480266.0842264,0.0,0.0
1627480266.1221921,0.0,0.0
1627480266.1728766,0.0,0.0
1627480266.2194662,0.0,0.0
1627480266.2403464,0.0,0.0
1627480266.289356,0.0,0.0
1627480266.304409,0.0,0.0
1627480266.3532603,0.0,0.0
1627480266.3912601,0.0,0.0
1627480266.4421391,0.0,0.0
1627480266.4883473,0.0,0.0
1627480266.510967,0.0,0.0
1627480266.5621724,0.0,0.0
1627480266.5830398,0.0,0.0
1627480266.6372592,0.0,0.0
1627480266.6803226,0.0,0.0
1627480266.707518,0.0,0.0
1627480266.7506106,0.0,0.0
1627480266.7660954,0.0,0.0
1627480266.8137765,0.0,0.0
1627480266.85994,0.0,0.0
1627480266.8792202,0.0,0.0
1627480266.9239438,0.0,0.0
1627480266.9444325,0.0,0.0
1627480266.9923122,0.0,0.0
1627480267.0172515,0.0,0.0
1627480267.065719,0.0,0.0
1627480267.1099825,0.0,0.0
1627480267.140279,0.0,0.0
1627480267.1792846,0.0,0.0
1627480267.1993184,0.0,0.0
1627480267.2511141,0.0,0.0
1627480267.2740207,0.0,0.0
1627480267.3240108,0.0,0.0
1627480267.36732,0.0,0.0
1627480267.3919785,0.0,0.0
1627480267.4360266,0.0,0.0
1627480267.4562483,0.0,0.0
1627480267.5049238,0.0,0.0
1627480267.5492566,0.0,0.0
1627480267.573899,0.0,0.0
1627480267.617955,0.0,0.0
1627480267.6325827,0.0,0.0
1627480267.6814346,0.0,0.0
1627480267.7270832,0.0,0.0
1627480267.755529,0.0,0.0
1627480267.799376,0.0,0.0
1627480267.8160226,0.0,0.0
1627480267.865768,0.0,0.0
1627480267.9027834,0.0,0.0
1627480267.9525597,0.0,0.0
1627480267.9968278,0.0,0.0
1627480268.0175369,0.0,0.0
1627480268.0673542,0.0,0.0
1627480268.0925097,0.0,0.0
1627480268.1407366,0.0,0.0
1627480268.184018,0.0,0.0
1627480268.2324014,0.0,0.0
1627480268.2775629,0.0,0.0
1627480268.2967868,0.0,0.0
1627480268.3462534,0.0,0.0
1627480268.3661087,0.0,0.0
1627480268.4157686,0.0,0.0
1627480268.459395,0.0,0.0
1627480268.4745674,0.0,0.0
1627480268.5239358,0.0,0.0
1627480268.5488226,0.0,0.0
1627480268.5981433,0.0,0.0
1627480268.641901,0.0,0.0
1627480268.6614122,0.0,0.0
1627480268.7086296,0.0,0.0
1627480268.7278724,0.0,0.0
1627480268.7787724,0.0,0.0
1627480268.824016,0.0,0.0
1627480268.840133,0.0,0.0
1627480268.8918908,0.0,0.0
1627480268.9179611,0.0,0.0
1627480268.9666348,0.0,0.0
1627480269.0035024,0.0,0.0
1627480269.0534525,0.0,0.0
1627480269.098152,0.0,0.0
1627480269.1202502,0.0,0.0
1627480269.169702,0.0,0.0
1627480269.1896744,0.0,0.0
1627480269.238433,0.0,0.0
1627480269.282638,0.0,0.0
1627480269.3318753,0.0,0.0
1627480269.3768914,0.0,0.0
1627480269.4030795,0.0,0.0
1627480269.4543407,0.0,0.0
1627480269.4710999,0.0,0.0
1627480269.5243723,0.0,0.0
1627480269.560806,0.0,0.0
1627480269.6112235,0.0,0.0
1627480269.640834,0.0,0.0
1627480269.689671,0.0,0.0
1627480269.7219207,0.0,0.0
1627480269.771002,0.0,0.0
1627480269.7991142,0.0,0.0
1627480269.8502212,0.0,0.0
1627480269.8983474,0.0,0.0
1627480269.9485593,0.0,0.0
1627480269.965147,0.0,0.0
1627480270.0162108,0.0,0.0
1627480270.0527065,0.0,0.0
1627480270.1010633,0.0,0.0
1627480270.1283796,0.0,0.0
1627480270.1775117,0.0,0.0
1627480270.225952,0.0,0.0
1627480270.2489066,0.0,0.0
1627480270.3019748,0.0,0.0
1627480270.3201988,0.0,0.0
1627480270.3717318,0.0,0.0
1627480270.3976424,0.0,0.0
1627480270.4494393,0.0,0.0
1627480270.5009632,0.0,0.0
1627480270.523327,0.0,0.0
1627480270.5753987,0.0,0.0
1627480270.5914829,0.0,0.0
1627480270.6427917,0.0,0.0
1627480270.6902332,0.0,0.0
1627480270.7077825,0.0,0.0
1627480270.75945,0.0,0.0
1627480270.7796972,0.0,0.0
1627480270.8303535,0.0,0.0
1627480270.8563745,0.0,0.0
1627480270.9094524,0.0,0.0
1627480270.955722,0.0,0.0
1627480271.0067973,0.0,0.0
1627480271.0528927,0.0,0.0
1627480271.0782924,0.0,0.0
1627480271.1299465,0.0,0.0
1627480271.1447382,0.0,0.0
1627480271.1954675,0.0,0.0
1627480271.2158415,0.0,0.0
1627480271.2665744,0.0,0.0
1627480271.3145366,0.0,0.0
1627480271.335552,0.0,0.0
1627480271.3843899,0.0,0.0
1627480271.3989563,0.0,0.0
1627480271.4503024,0.0,0.0
1627480271.4904687,0.0,0.0
1627480271.5409348,0.0,0.0
1627480271.5863626,0.0,0.0
1627480271.6341558,0.0,0.0
1627480271.6798093,0.0,0.0
1627480271.7093658,0.0,0.0
1627480271.754207,0.0,0.0
1627480271.7689424,0.0,0.0
1627480271.8200705,0.0,0.0
1627480271.8437607,0.0,0.0
1627480271.897102,0.0,0.0
1627480271.9437835,0.0,0.0
1627480271.9654791,0.0,0.0
1627480272.0183752,0.0,0.0
1627480272.0393147,0.0,0.0
1627480272.0926046,0.0,0.0
1627480272.1415875,0.0,0.0
1627480272.1566656,0.0,0.0
1627480272.2058666,0.0,0.0
1627480272.2213938,0.0,0.0
1627480272.2714021,0.0,0.0
1627480272.3172886,0.0,0.0
1627480272.331086,0.0,0.0
1627480272.3759043,0.0,0.0
1627480272.3999653,0.0,0.0
1627480272.4499898,0.0,0.0
1627480272.4945183,0.0,0.0
1627480272.5199246,0.0,0.0
1627480272.5707674,0.0,0.0
1627480272.5860069,0.0,0.0
1627480272.6364498,0.0,0.0
1627480272.6748729,0.0,0.0
1627480272.7257094,0.0,0.0
1627480272.7394145,0.0,0.0
1627480272.790533,0.0,0.0
1627480272.8395689,0.0,0.0
1627480272.860192,0.0,0.0
1627480272.9155638,0.0,0.0
1627480272.9304776,0.0,0.0
1627480272.985523,0.0,0.0
1627480273.004501,0.0,0.0
1627480273.0553668,0.0,0.0
1627480273.0806398,0.0,0.0
1627480273.1321251,0.0,0.0
1627480273.1767483,0.0,0.0
1627480273.2004566,0.0,0.0
1627480273.249395,0.0,0.0
1627480273.2641466,0.0,0.0
1627480273.313624,0.0,0.0
1627480273.3512201,0.0,0.0
1627480273.39967,0.0,0.0
1627480273.4449139,0.0,0.0
1627480273.4640942,0.0,0.0
1627480273.514409,0.0,0.0
1627480273.5397525,0.0,0.0
1627480273.5892243,0.0,0.0
1627480273.6340275,0.0,0.0
1627480273.6596305,0.0,0.0
1627480273.7060745,0.0,0.0
1627480273.7222223,0.0,0.0
1627480273.7749624,0.0,0.0
1627480273.8215902,0.0,0.0
1627480273.8424165,0.0,0.0
1627480273.8941317,0.0,0.0
1627480273.908271,0.0,0.0
1627480273.9609542,0.0,0.0
1627480274.00191,0.0,0.0
1627480274.0513747,0.0,0.0
1627480274.0963511,0.0,0.0
1627480274.1450047,0.0,0.0
1627480274.1702213,0.0,0.0
1627480274.2191885,0.0,0.0
1627480274.2433066,0.0,0.0
1627480274.2929974,0.0,0.0
1627480274.3182666,0.0,0.0
1627480274.3694963,0.0,0.0
1627480274.3952763,0.0,0.0
1627480274.4469235,0.0,0.0
1627480274.4891167,0.0,0.0
1627480274.538905,0.0,0.0
1627480274.57862,0.0,0.0
1627480274.628774,0.0,0.0
1627480274.6778388,0.0,0.0
1627480274.7287874,0.0,0.0
1627480274.748339,0.0,0.0
1627480274.801082,0.0,0.0
1627480274.8272,0.0,0.0
1627480274.8787062,0.0,0.0
1627480274.9274027,0.0,0.0
1627480274.9461606,0.0,0.0
1627480275.0014021,0.0,0.0
1627480275.0177565,0.0,0.0
1627480275.069128,0.0,0.0
1627480275.117307,0.0,0.0
1627480275.1385057,0.0,0.0
1627480275.1897683,0.0,0.0
1627480275.2057602,0.0,0.0
1627480275.257014,0.0,0.0
1627480275.282322,0.0,0.0
1627480275.3313377,0.0,0.0
1627480275.3744535,0.0,0.0
1627480275.424235,0.0,0.0
1627480275.4699244,0.0,0.0
1627480275.489193,0.0,0.0
1627480275.538562,0.0,0.0
1627480275.563158,0.0,0.0
1627480275.6143248,0.0,0.0
1627480275.6594694,0.0,0.0
1627480275.684141,0.0,0.0
1627480275.7305486,0.0,0.0
1627480275.7434201,0.0,0.0
1627480275.792018,0.0,0.0
1627480275.8368485,0.0,0.0
1627480275.857722,0.0,0.0
1627480275.9101064,0.0,0.0
1627480275.9358814,0.0,0.0
1627480275.9868882,0.0,0.0
1627480276.031301,0.0,0.0
1627480276.0800774,0.0,0.0
1627480276.1238596,0.0,0.0
1627480276.1551416,0.0,0.0
1627480276.2006037,0.0,0.0
1627480276.220252,0.0,0.0
1627480276.272416,0.0,0.0
1627480276.2970734,0.0,0.0
1627480276.347382,0.0,0.0
1627480276.393209,0.0,0.0
1627480276.4195051,0.0,0.0
1627480276.4673603,0.0,0.0
1627480276.4799538,0.0,0.0
1627480276.5288515,0.0,0.0
1627480276.5742896,0.0,0.0
1627480276.5981548,0.0,0.0
1627480276.648891,0.0,0.0
1627480276.6634748,0.0,0.0
1627480276.7131076,0.0,0.0
1627480276.7405589,0.0,0.0
1627480276.7890825,0.0,0.0
1627480276.8325965,0.0,0.0
1627480276.852574,0.0,0.0
1627480276.9022896,0.0,0.0
1627480276.9180515,0.0,0.0
1627480276.9756517,0.0,0.0
1627480277.0748038,0.0,0.0
1627480277.0818365,0.0,0.0
1627480277.1037843,0.0,0.0
1627480277.2048914,0.0,0.0
1627480277.213621,0.0,0.0
1627480277.213627,0.0,0.0
1627480277.2453892,0.0,0.0
1627480277.33685,0.0,0.0
1627480277.3479724,0.0,0.0
1627480277.46819,0.0,0.0
1627480277.4723194,0.0,0.0
1627480277.4723504,0.0,0.0
1627480277.6003995,0.0,0.0
1627480277.6073697,0.0,0.0
1627480277.6111372,0.0,0.0
1627480277.6286824,0.0,0.0
1627480277.7350748,0.0,0.0
1627480277.7422934,0.0,0.0
1627480277.7440777,0.0,0.0
1627480277.8704479,0.0,0.0
1627480277.8748364,0.0,0.0
1627480277.8748803,0.0,0.0
1627480277.8874714,0.0,0.0
1627480278.0421,0.0,0.0
1627480278.0490727,0.0,0.0
1627480278.0490782,0.0,0.0
1627480278.0521674,0.0,0.0
1627480278.0687099,0.0,0.0
1627480278.2153516,0.0,0.0
1627480278.2199428,0.0,0.0
1627480278.2199461,0.0,0.0
1627480278.2310448,0.0,0.0
1627480278.253749,0.0,0.0
1627480278.3879852,0.0,0.0
1627480278.4044256,0.0,0.0
1627480278.4044375,0.0,0.0
1627480278.406194,0.0,0.0
1627480278.5413609,0.0,0.0
1627480278.5477178,0.0,0.0
1627480278.5477288,0.0,0.0
1627480278.554772,0.0,0.0
1627480278.6379473,0.0,0.0
1627480278.6467636,0.0,0.0
1627480278.6718516,0.0,0.0
1627480278.8111644,0.0,0.0
1627480278.8181837,0.0,0.0
1627480278.8182147,0.0,0.0
1627480278.8339827,0.0,0.0
1627480278.9825962,0.0,0.0
1627480278.9897456,0.0,0.0
1627480278.9897497,0.0,0.0
1627480278.9897537,0.0,0.0
1627480279.0142932,0.0,0.0
1627480279.1558907,0.0,0.0
1627480279.1628346,0.0,0.0
1627480279.1628551,0.0,0.0
1627480279.1800954,0.0,0.0
1627480279.2939193,0.0,0.0
1627480279.2974021,0.0,0.0
1627480279.3156533,0.0,0.0
1627480279.4713523,0.0,0.0
1627480279.4766126,0.0,0.0
1627480279.476625,0.0,0.0
1627480279.4970617,0.0,0.0
1627480279.642168,0.0,0.0
1627480279.6491008,0.0,0.0
1627480279.6491377,0.0,0.0
1627480279.6491425,0.0,0.0
1627480279.6723459,0.0,0.0
1627480279.814615,0.0,0.0
1627480279.8209076,0.0,0.0
1627480279.8209124,0.0,0.0
1627480279.8209167,0.0,0.0
1627480279.9856844,0.0,0.0
1627480279.99135,0.0,0.0
1627480279.991374,0.0,0.0
1627480279.9997196,0.0,0.0
1627480280.0197504,0.0,0.0
1627480280.1592069,0.0,0.0
1627480280.1675313,0.0,0.0
1627480280.1675496,0.0,0.0
1627480280.186899,0.0,0.0
1627480280.3317683,0.0,0.0
1627480280.3364663,0.0,0.0
1627480280.3364756,0.0,0.0
1627480280.3364975,0.0,0.0
1627480280.3705544,0.0,0.0
1627480280.5043986,0.0,0.0
1627480280.509853,0.0,0.0
1627480280.5099075,0.0,0.0
1627480280.5099156,0.0,0.0
1627480280.5321233,0.0,0.0
1627480280.6394625,0.0,0.0
1627480280.6434095,0.0,0.0
1627480280.6467788,0.0,0.0
1627480280.7724974,0.0,0.0
1627480280.7785745,0.0,0.0
1627480280.7786338,0.0,0.0
1627480280.8090837,0.0,0.0
1627480280.8659356,0.0,0.0
1627480280.8776958,0.0,0.0
1627480280.9158523,0.0,0.0
1627480280.9730248,0.0,0.0
1627480280.9965982,0.0,0.0
1627480281.047042,0.0,0.0
1627480281.089241,0.0,0.0
1627480281.1392534,0.0,0.0
1627480281.1825554,0.0,0.0
1627480281.231729,0.0,0.0
1627480281.2572134,0.0,0.0
1627480281.307354,0.0,0.0
1627480281.33345,0.0,0.0
1627480281.3848689,0.0,0.0
1627480281.4102683,0.0,0.0
1627480281.4606743,0.0,0.0
1627480281.4870546,0.0,0.0
1627480281.5371685,0.0,0.0
1627480281.5593402,0.0,0.0
1627480281.610261,0.0,0.0
1627480281.6575131,0.0,0.0
1627480281.708123,0.0,0.0
1627480281.7541943,0.0,0.0
1627480281.803806,0.0,0.0
1627480281.8467956,0.0,0.0
1627480281.8709478,0.0,0.0
1627480281.9171999,0.0,0.0
1627480281.9374902,0.0,0.0
1627480281.988932,0.0,0.0
1627480282.0132391,0.0,0.0
1627480282.061316,0.0,0.0
1627480282.1040196,0.0,0.0
1627480282.1233373,0.0,0.0
1627480282.172284,0.0,0.0
1627480282.1921024,0.0,0.0
1627480282.240202,0.0,0.0
1627480282.2839425,0.0,0.0
1627480282.3083332,0.0,0.0
1627480282.35637,0.0,0.0
1627480282.3707528,0.0,0.0
1627480282.4184642,0.0,0.0
1627480282.4560032,0.0,0.0
1627480282.5034313,0.0,0.0
1627480282.5278692,0.0,0.0
1627480282.575557,0.0,0.0
1627480282.6180413,0.0,0.0
1627480282.6385581,0.0,0.0
1627480282.6845822,0.0,0.0
1627480282.7181356,0.0,0.0
1627480282.7710083,0.0,0.0
1627480282.7966528,0.0,0.0
1627480282.8469112,0.0,0.0
1627480282.8932385,0.0,0.0
1627480282.9431105,0.0,0.0
1627480282.9953864,0.0,0.0
1627480283.016947,0.0,0.0
1627480283.0987942,0.0,0.0
1627480283.1263785,0.0,0.0
1627480283.185822,0.0,0.0
1627480283.2060642,0.0,0.0
1627480283.2554073,0.0,0.0
1627480283.3021755,0.0,0.0
1627480283.3280146,0.0,0.0
1627480283.3679335,0.0,0.0
1627480283.3888123,0.0,0.0
1627480283.4390545,0.0,0.0
1627480283.488425,0.0,0.0
1627480283.5375373,0.0,0.0
1627480283.5865498,0.0,0.0
1627480283.635273,0.0,0.0
1627480283.679448,0.0,0.0
1627480283.7054725,0.0,0.0
1627480283.7570107,0.0,0.0
1627480283.770156,0.0,0.0
1627480283.8190985,0.0,0.0
1627480283.8645697,0.0,0.0
1627480283.8796306,0.0,0.0
1627480283.9299893,0.0,0.0
1627480283.9503999,0.0,0.0
1627480284.0030646,0.0,0.0
1627480284.0473926,0.0,0.0
1627480284.09554,0.0,0.0
1627480284.1403463,0.0,0.0
1627480284.160735,0.0,0.0
1627480284.2092516,0.0,0.0
1627480284.2359564,0.0,0.0
1627480284.2838113,0.0,0.0
1627480284.3252833,0.0,0.0
1627480284.3745453,0.0,0.0
1627480284.419663,0.0,0.0
1627480284.4450245,0.0,0.0
1627480284.4935536,0.0,0.0
1627480284.509477,0.0,0.0
1627480284.5630672,0.0,0.0
1627480284.5987716,0.0,0.0
1627480284.6484008,0.0,0.0
1627480284.6645224,0.0,0.0
1627480284.7137563,0.0,0.0
1627480284.7622027,0.0,0.0
1627480284.7816749,0.0,0.0
1627480284.8203316,0.0,0.0
1627480284.8445709,0.0,0.0
1627480284.8929949,0.0,0.0
1627480284.9434488,0.0,0.0
1627480284.994676,0.0,0.0
1627480285.0444784,0.0,0.0
1627480285.0925663,0.0,0.0
1627480285.1401274,0.0,0.0
1627480285.1913943,0.0,0.0
1627480285.211951,0.0,0.0
1627480285.2623131,0.0,0.0
1627480285.3470354,0.0,0.0
1627480285.4034312,0.0,0.0
1627480285.4232235,0.0,0.0
1627480285.4752998,0.0,0.0
1627480285.5198731,0.0,0.0
1627480285.545201,0.0,0.0
1627480285.5852232,0.0,0.0
1627480285.605401,0.0,0.0
1627480285.654231,0.0,0.0
1627480285.700431,0.0,0.0
1627480285.7259796,0.0,0.0
1627480285.766668,0.0,0.0
1627480285.7873843,0.0,0.0
1627480285.8363924,0.0,0.0
1627480285.8624232,0.0,0.0
1627480285.9117799,0.0,0.0
1627480285.9561594,0.0,0.0
1627480285.9839199,0.0,0.0
1627480286.0338883,0.0,0.0
1627480286.048896,0.0,0.0
1627480286.0986552,0.0,0.0
1627480286.133887,0.0,0.0
1627480286.1850207,0.0,0.0
1627480286.210981,0.0,0.0
1627480286.2609901,0.0,0.0
1627480286.3062487,0.0,0.0
1627480286.354915,0.0,0.0
1627480286.399967,0.0,0.0
1627480286.4247792,0.0,0.0
1627480286.4692454,0.0,0.0
1627480286.4839635,0.0,0.0
1627480286.5326374,0.0,0.0
1627480286.5780444,0.0,0.0
1627480286.6047132,0.0,0.0
1627480286.6517625,0.0,0.0
1627480286.6668062,0.0,0.0
1627480286.7111204,0.0,0.0
1627480286.7553275,0.0,0.0
1627480286.804492,0.0,0.0
1627480286.8297012,0.0,0.0
1627480286.877502,0.0,0.0
1627480286.9020085,0.0,0.0
1627480286.9503448,0.0,0.0
1627480286.9913967,0.0,0.0
1627480287.0383596,0.0,0.0
1627480287.088429,0.0,0.0
1627480287.1021442,0.0,0.0
1627480287.1510785,0.0,0.0
1627480287.1901715,0.0,0.0
1627480287.2383168,0.0,0.0
1627480287.263219,0.0,0.0
1627480287.3131957,0.0,0.0
1627480287.3617673,0.0,0.0
1627480287.4106462,0.0,0.0
1627480287.4500797,0.0,0.0
1627480287.4985018,0.0,0.0
1627480287.518916,0.0,0.0
1627480287.5710547,0.0,0.0
1627480287.5930204,0.0,0.0
1627480287.6423333,0.0,0.0
1627480287.6864548,0.0,0.0
1627480287.7109864,0.0,0.0
1627480287.7605996,0.0,0.0
1627480287.7762787,0.0,0.0
1627480287.8189232,0.0,0.0
1627480287.8630989,0.0,0.0
1627480287.911177,0.0,0.0
1627480287.9368727,0.0,0.0
1627480287.9878154,0.0,0.0
1627480288.0085196,0.0,0.0
1627480288.0601857,0.0,0.0
1627480288.0848691,0.0,0.0
1627480288.132794,0.0,0.0
1627480288.177922,0.0,0.0
1627480288.2034862,0.0,0.0
1627480288.2464325,0.0,0.0
1627480288.266574,0.0,0.0
1627480288.316988,0.0,0.0
1627480288.3610837,0.0,0.0
1627480288.3813746,0.0,0.0
1627480288.4297178,0.0,0.0
1627480288.4545639,0.0,0.0
1627480288.503877,0.0,0.0
1627480288.5503821,0.0,0.0
1627480288.5987039,0.0,0.0
1627480288.6461349,0.0,0.0
1627480288.6618278,0.0,0.0
1627480288.7102106,0.0,0.0
1627480288.7350566,0.0,0.0
1627480288.7846882,0.0,0.0
1627480288.8326144,0.0,0.0
1627480288.8476086,0.0,0.0
1627480288.8962462,0.0,0.0
1627480288.9261124,0.0,0.0
1627480288.975425,0.0,0.0
1627480289.0191011,0.0,0.0
1627480289.0700395,0.0,0.0
1627480289.1180346,0.0,0.0
1627480289.1328497,0.0,0.0
1627480289.182936,0.0,0.0
1627480289.2272613,0.0,0.0
1627480289.2803133,0.0,0.0
1627480289.2974393,0.0,0.0
1627480289.3455703,0.0,0.0
1627480289.3698869,0.0,0.0
1627480289.4184914,0.0,0.0
1627480289.463455,0.0,0.0
1627480289.4920297,0.0,0.0
1627480289.5370667,0.0,0.0
1627480289.5517154,0.0,0.0
1627480289.6008663,0.0,0.0
1627480289.635682,0.0,0.0
1627480289.683756,0.0,0.0
1627480289.704286,0.0,0.0
1627480289.7529144,0.0,0.0
1627480289.7983146,0.0,0.0
1627480289.8469312,0.0,0.0
1627480289.8904407,0.0,0.0
1627480289.9105604,0.0,0.0
1627480289.959749,0.0,0.0
1627480289.9858317,0.0,0.0
1627480290.0330112,0.0,0.0
1627480290.0802794,0.0,0.0
1627480290.105378,0.0,0.0
1627480290.154244,0.0,0.0
1627480290.1689894,0.0,0.0
1627480290.217178,0.0,0.0
1627480290.256555,0.0,0.0
1627480290.3058538,0.0,0.0
1627480290.3552575,0.0,0.0
1627480290.4036953,0.0,0.0
1627480290.4526296,0.0,0.0
1627480290.5032096,0.0,0.0
1627480290.551924,0.0,0.0
1627480290.6005838,0.0,0.0
1627480290.646035,0.0,0.0
1627480290.6944609,0.0,0.0
1627480290.7150474,0.0,0.0
1627480290.763229,0.0,0.0
1627480290.7886314,0.0,0.0
1627480290.8371239,0.0,0.0
1627480290.885885,0.0,0.0
1627480290.9343715,0.0,0.0
1627480290.983691,0.0,0.0
1627480291.0324469,0.0,0.0
1627480291.0848904,0.0,0.0
1627480291.133533,0.0,0.0
1627480291.1578057,0.0,0.0
1627480291.2063494,0.0,0.0
1627480291.251184,0.0,0.0
1627480291.2755115,0.0,0.0
1627480291.315929,0.0,0.0
1627480291.336256,0.0,0.0
1627480291.3853097,0.0,0.0
1627480291.4339828,0.0,0.0
1627480291.4815843,0.0,0.0
1627480291.5068073,0.0,0.0
1627480291.5557282,0.0,0.0
1627480291.6004953,0.0,0.0
1627480291.6255014,0.0,0.0
1627480291.6645238,0.0,0.0
1627480291.6893988,0.0,0.0
1627480291.737847,0.0,0.0
1627480291.7836797,0.0,0.0
1627480291.8073406,0.0,0.0
1627480291.850478,0.0,0.0
1627480291.870338,0.0,0.0
1627480291.9181464,0.0,0.0
1627480291.9663973,0.0,0.0
1627480292.0155852,0.0,0.0
1627480292.0412643,0.0,0.0
1627480292.0923765,0.0,0.0
1627480292.1404214,0.0,0.0
1627480292.1897242,0.0,0.0
1627480292.2390997,0.0,0.0
1627480292.2888849,0.0,0.0
1627480292.3393779,0.0,0.0
1627480292.38594,0.0,0.0
1627480292.429257,0.0,0.0
1627480292.477628,0.0,0.0
1627480292.526116,0.0,0.0
1627480292.5439737,0.0,0.0
1627480292.590092,0.0,0.0
1627480292.6108906,0.0,0.0
1627480292.660047,0.0,0.0
1627480292.7092543,0.0,0.0
1627480292.7572029,0.0,0.0
1627480292.8066783,0.0,0.0
1627480292.8546083,0.0,0.0
1627480292.899729,0.0,0.0
1627480292.9483309,0.0,0.0
1627480292.9749124,0.0,0.0
1627480293.026163,0.0,0.0
1627480293.044112,0.0,0.0
1627480293.0938811,0.0,0.0
1627480293.1187706,0.0,0.0
1627480293.1676419,0.0,0.0
1627480293.2131398,0.0,0.0
1627480293.2334032,0.0,0.0
1627480293.2825549,0.0,0.0
1627480293.2983773,0.0,0.0
1627480293.347136,0.0,0.0
1627480293.3934944,0.0,0.0
1627480293.4410868,0.0,0.0
1627480293.4661558,0.0,0.0
1627480293.5150685,0.0,0.0
1627480293.5592794,0.0,0.0
1627480293.5839548,0.0,0.0
1627480293.633262,0.0,0.0
1627480293.6539347,0.0,0.0
1627480293.7026672,0.0,0.0
1627480293.7275958,0.0,0.0
1627480293.7764542,0.0,0.0
1627480293.8176455,0.0,0.0
1627480293.83797,0.0,0.0
1627480293.88628,0.0,0.0
1627480293.906673,0.0,0.0
1627480293.9560316,0.0,0.0
1627480293.9850109,0.0,0.0
1627480294.0330908,0.0,0.0
1627480294.0574586,0.0,0.0
1627480294.1087778,0.0,0.0
1627480294.1534424,0.0,0.0
1627480294.2037883,0.0,0.0
1627480294.252398,0.0,0.0
1627480294.3015578,0.0,0.0
1627480294.3522575,0.0,0.0
1627480294.4005852,0.0,0.0
1627480294.4494588,0.0,0.0
1627480294.465242,0.0,0.0
1627480294.5138125,0.0,0.0
1627480294.5583622,0.0,0.0
1627480294.6063051,0.0,0.0
1627480294.626021,0.0,0.0
1627480294.6749334,0.0,0.0
1627480294.6997793,0.0,0.0
1627480294.7476,0.0,0.0
1627480294.7972112,0.0,0.0
1627480294.8119402,0.0,0.0
1627480294.860103,0.0,0.0
1627480294.905418,0.0,0.0
1627480294.9535074,0.0,0.0
1627480294.983048,0.0,0.0
1627480295.032552,0.0,0.0
1627480295.0573502,0.0,0.0
1627480295.1080906,0.0,0.0
1627480295.1516852,0.0,0.0
1627480295.2005768,0.0,0.0
1627480295.2443385,0.0,0.0
1627480295.2644854,0.0,0.0
1627480295.3138978,0.0,0.0
1627480295.357371,0.0,0.0
1627480295.3776293,0.0,0.0
1627480295.4257948,0.0,0.0
1627480295.4459305,0.0,0.0
1627480295.4959493,0.0,0.0
1627480295.5203574,0.0,0.0
1627480295.5682476,0.0,0.0
1627480295.6174216,0.0,0.0
1627480295.6327076,0.0,0.0
1627480295.6813028,0.0,0.0
1627480295.7013385,0.0,0.0
1627480295.7495298,0.0,0.0
1627480295.7983685,0.0,0.0
1627480295.8467088,0.0,0.0
1627480295.8952618,0.0,0.0
1627480295.9110641,0.0,0.0
1627480295.959217,0.0,0.0
1627480295.9836788,0.0,0.0
1627480296.0326476,0.0,0.0
1627480296.0821679,0.0,0.0
1627480296.1330378,0.0,0.0
1627480296.1819758,0.0,0.0
1627480296.2307575,0.0,0.0
1627480296.279724,0.0,0.0
1627480296.3295643,0.0,0.0
1627480296.378279,0.0,0.0
1627480296.4278598,0.0,0.0
1627480296.4761953,0.0,0.0
1627480296.525095,0.0,0.0
1627480296.5731559,0.0,0.0
1627480296.588965,0.0,0.0
1627480296.6373065,0.0,0.0
1627480296.6622405,0.0,0.0
1627480296.7105155,0.0,0.0
1627480296.7593048,0.0,0.0
1627480296.7743905,0.0,0.0
1627480296.8233418,0.0,0.0
1627480296.8478937,0.0,0.0
1627480296.8960838,0.0,0.0
1627480296.9413311,0.0,0.0
1627480296.9620163,0.0,0.0
1627480297.0100276,0.0,0.0
1627480297.0339036,0.0,0.0
1627480297.0821133,0.0,0.0
1627480297.123825,0.0,0.0
1627480297.14826,0.0,0.0
1627480297.1928961,0.0,0.0
1627480297.2127347,0.0,0.0
1627480297.261657,0.0,0.0
1627480297.306104,0.0,0.0
1627480297.330778,0.0,0.0
1627480297.376218,0.0,0.0
1627480297.3911073,0.0,0.0
1627480297.4401402,0.0,0.0
1627480297.4795358,0.0,0.0
1627480297.499715,0.0,0.0
1627480297.5491529,0.0,0.0
1627480297.5736725,0.0,0.0
1627480297.6227136,0.0,0.0
1627480297.667831,0.0,0.0
1627480297.6826992,0.0,0.0
1627480297.7317355,0.0,0.0
1627480297.756831,0.0,0.0
1627480297.8071015,0.0,0.0
1627480297.8310642,0.0,0.0
1627480297.8808994,0.0,0.0
1627480297.9293287,0.0,0.0
1627480297.9779255,0.0,0.0
1627480298.031101,0.0,0.0
1627480298.0790477,0.0,0.0
1627480298.13044,0.0,0.0
1627480298.178074,0.0,0.0
1627480298.2233522,0.0,0.0
1627480298.2721522,0.0,0.0
1627480298.2992048,0.0,0.0
1627480298.3478575,0.0,0.0
1627480298.3938265,0.0,0.0
1627480298.4422069,0.0,0.0
1627480298.462568,0.0,0.0
1627480298.510916,0.0,0.0
1627480298.5588994,0.0,0.0
1627480298.5735161,0.0,0.0
1627480298.6238887,0.0,0.0
1627480298.649307,0.0,0.0
1627480298.697975,0.0,0.0
1627480298.74334,0.0,0.0
1627480298.7679646,0.0,0.0
1627480298.8177483,0.0,0.0
1627480298.8376994,0.0,0.0
1627480298.8866074,0.0,0.0
1627480298.9115696,0.0,0.0
1627480298.9603362,0.0,0.0
1627480298.9996567,0.0,0.0
1627480299.0251038,0.0,0.0
1627480299.0695446,0.0,0.0
1627480299.0890722,0.0,0.0
1627480299.139795,0.0,0.0
1627480299.1695144,0.0,0.0
1627480299.2183926,0.0,0.0
1627480299.2437766,0.0,0.0
1627480299.2940924,0.0,0.0
1627480299.3333442,0.0,0.0
1627480299.358161,0.0,0.0
1627480299.40507,0.0,0.0
1627480299.42346,0.0,0.0
1627480299.4710774,0.0,0.0
1627480299.5209591,0.0,0.0
1627480299.5692985,0.0,0.0
1627480299.6142716,0.0,0.0
1627480299.6303682,0.0,0.0
1627480299.6787834,0.0,0.0
1627480299.703892,0.0,0.0
1627480299.7521644,0.0,0.0
1627480299.8007882,0.0,0.0
1627480299.8489482,0.0,0.0
1627480299.8981807,0.0,0.0
1627480299.9472623,0.0,0.0
1627480299.99643,0.0,0.0
1627480300.0454967,0.0,0.0
1627480300.093886,0.0,0.0
1627480300.1098387,0.0,0.0
1627480300.1610312,0.0,0.0
1627480300.1860757,0.0,0.0
1627480300.2359436,0.0,0.0
1627480300.284643,0.0,0.0
1627480300.334426,0.0,0.0
1627480300.382859,0.0,0.0
1627480300.4312863,0.0,0.0
1627480300.4825864,0.0,0.0
1627480300.5316498,0.0,0.0
1627480300.5743937,0.0,0.0
1627480300.5990295,0.0,0.0
1627480300.6484432,0.0,0.0
1627480300.6629653,0.0,0.0
1627480300.710992,0.0,0.0
1627480300.75052,0.0,0.0
1627480300.7994525,0.0,0.0
1627480300.8253417,0.0,0.0
1627480300.8738263,0.0,0.0
1627480300.8992682,0.0,0.0
1627480300.947787,0.0,0.0
1627480300.972503,0.0,0.0
1627480301.0214984,0.0,0.0
1627480301.047446,0.0,0.0
1627480301.095337,0.0,0.0
1627480301.137137,0.0,0.0
1627480301.157372,0.0,0.0
1627480301.2060354,0.0,0.0
1627480301.226949,0.0,0.0
1627480301.2758892,0.0,0.0
1627480301.3211958,0.0,0.0
1627480301.3372414,0.0,0.0
1627480301.3854363,0.0,0.0
1627480301.4054103,0.0,0.0
1627480301.4540074,0.0,0.0
1627480301.4838006,0.0,0.0
1627480301.5323148,0.0,0.0
1627480301.5580978,0.0,0.0
1627480301.6060174,0.0,0.0
1627480301.6576533,0.0,0.0
1627480301.704264,0.0,0.0
1627480301.7539093,0.0,0.0
1627480301.8022342,0.0,0.0
1627480301.8511903,0.0,0.0
1627480301.8983257,0.0,0.0
1627480301.9477232,0.0,0.0
1627480301.9955657,0.0,0.0
1627480302.0423007,0.0,0.0
1627480302.0907197,0.0,0.0
1627480302.1107163,0.0,0.0
1627480302.1611226,0.0,0.0
1627480302.2097297,0.0,0.0
1627480302.2259996,0.0,0.0
1627480302.2743888,0.0,0.0
1627480302.3128433,0.0,0.0
1627480302.3618026,0.0,0.0
1627480302.406075,0.0,0.0
1627480302.4308395,0.0,0.0
1627480302.4790545,0.0,0.0
1627480302.4943023,0.0,0.0
1627480302.5429063,0.0,0.0
1627480302.5835218,0.0,0.0
1627480302.6319473,0.0,0.0
1627480302.6524394,0.0,0.0
1627480302.7014658,0.0,0.0
1627480302.7265167,0.0,0.0
1627480302.7749217,0.0,0.0
1627480302.8178306,0.0,0.0
1627480302.8408575,0.0,0.0
1627480302.886359,0.0,0.0
1627480302.9009526,0.0,0.0
1627480302.9510598,0.0,0.0
1627480302.9901774,0.0,0.0
1627480303.018337,0.0,0.0
1627480303.0617232,0.0,0.0
1627480303.0820343,0.0,0.0
1627480303.1328022,0.0,0.0
1627480303.1730123,0.0,0.0
1627480303.1966407,0.0,0.0
1627480303.241258,0.0,0.0
1627480303.2606776,0.0,0.0
1627480303.3104174,0.0,0.0
1627480303.3587582,0.0,0.0
1627480303.4062507,0.0,0.0
1627480303.4458003,0.0,0.0
1627480303.469947,0.0,0.0
1627480303.5199087,0.0,0.0
1627480303.53459,0.0,0.0
1627480303.5819213,0.0,0.0
1627480303.6316826,0.0,0.0
1627480303.6789849,0.0,0.0
1627480303.7237663,0.0,0.0
1627480303.7442386,0.0,0.0
1627480303.7921305,0.0,0.0
1627480303.8083255,0.0,0.0
1627480303.8557081,0.0,0.0
1627480303.9034595,0.0,0.0
1627480303.9532063,0.0,0.0
1627480303.9964619,0.0,0.0
1627480304.012987,0.0,0.0
1627480304.0614598,0.0,0.0
1627480304.1051059,0.0,0.0
1627480304.1206007,0.0,0.0
1627480304.1712494,0.0,0.0
1627480304.192152,0.0,0.0
1627480304.2404997,0.0,0.0
1627480304.2664204,0.0,0.0
1627480304.3153365,0.0,0.0
1627480304.3547478,0.0,0.0
1627480304.3810165,0.0,0.0
1627480304.4311318,0.0,0.0
1627480304.4467354,0.0,0.0
1627480304.4952211,0.0,0.0
1627480304.535773,0.0,0.0
1627480304.5610163,0.0,0.0
1627480304.6097584,0.0,0.0
1627480304.6277146,0.0,0.0
1627480304.6737654,0.0,0.0
1627480304.7084665,0.0,0.0
1627480304.756465,0.0,0.0
1627480304.781915,0.0,0.0
1627480304.829907,0.0,0.0
1627480304.869641,0.0,0.0
1627480304.8947842,0.0,0.0
1627480304.934627,0.0,0.0
1627480304.9591677,0.0,0.0
1627480305.0077868,0.0,0.0
1627480305.048742,0.0,0.0
1627480305.0737236,0.0,0.0
1627480305.1178715,0.0,0.0
1627480305.1391163,0.0,0.0
1627480305.1881924,0.0,0.0
1627480305.2139096,0.0,0.0
1627480305.261857,0.0,0.0
1627480305.307196,0.0,0.0
1627480305.3265328,0.0,0.0
1627480305.36954,0.0,0.0
1627480305.3891428,0.0,0.0
1627480305.4365053,0.0,0.0
1627480305.4792686,0.0,0.0
1627480305.493808,0.0,0.0
1627480305.5425751,0.0,0.0
1627480305.5829606,0.0,0.0
1627480305.6344092,0.0,0.0
1627480305.6855958,0.0,0.0
1627480305.7024615,0.0,0.0
1627480305.7557054,0.0,0.0
1627480305.777251,0.0,0.0
1627480305.8368325,0.0,0.0
1627480305.8791554,0.0,0.0
1627480305.9465861,0.0,0.0
1627480305.9711175,0.0,0.0
1627480306.0177119,0.0,0.0
1627480306.0622377,0.0,0.0
1627480306.1101525,0.0,0.0
1627480306.1498177,0.0,0.0
1627480306.1696327,0.0,0.0
1627480306.220995,0.0,0.0
1627480306.2456598,0.0,0.0
1627480306.2952833,0.0,0.0
1627480306.335456,0.0,0.0
1627480306.3548932,0.0,0.0
1627480306.4032216,0.0,0.0
1627480306.4285984,0.0,0.0
1627480306.477741,0.0,0.0
1627480306.5172153,0.0,0.0
1627480306.5420346,0.0,0.0
1627480306.5921206,0.0,0.0
1627480306.6072614,0.0,0.0
1627480306.6861522,0.0,0.0
1627480306.7425444,0.0,0.0
1627480306.762874,0.0,0.0
1627480306.8115652,0.0,0.0
1627480306.826873,0.0,0.0
1627480306.8748713,0.0,0.0
1627480306.9140928,0.0,0.0
1627480306.9616656,0.0,0.0
1627480306.9770389,0.0,0.0
1627480307.0256307,0.0,0.0
1627480307.0656219,0.0,0.0
1627480307.085476,0.0,0.0
1627480307.1332054,0.0,0.0
1627480307.1632075,0.0,0.0
1627480307.214042,0.0,0.0
1627480307.239699,0.0,0.0
1627480307.289776,0.0,0.0
1627480307.334159,0.0,0.0
1627480307.3493493,0.0,0.0
1627480307.398233,0.0,0.0
1627480307.4183156,0.0,0.0
1627480307.4684303,0.0,0.0
1627480307.5114014,0.0,0.0
1627480307.5257928,0.0,0.0
1627480307.574017,0.0,0.0
1627480307.6106203,0.0,0.0
1627480307.6587021,0.0,0.0
1627480307.7019606,0.0,0.0
1627480307.7171535,0.0,0.0
1627480307.7653713,0.0,0.0
1627480307.8049026,0.0,0.0
1627480307.8285742,0.0,0.0
1627480307.8723128,0.0,0.0
1627480307.8881776,0.0,0.0
1627480307.936444,0.0,0.0
1627480307.976024,0.0,0.0
1627480308.0000522,0.0,0.0
1627480308.0510445,0.0,0.0
1627480308.0662975,0.0,0.0
1627480308.1154673,0.0,0.0
1627480308.154866,0.0,0.0
1627480308.17854,0.0,0.0
1627480308.2201955,0.0,0.0
1627480308.2451153,0.0,0.0
1627480308.2936823,0.0,0.0
1627480308.3324199,0.0,0.0
1627480308.3571718,0.0,0.0
1627480308.4004617,0.0,0.0
1627480308.4255624,0.0,0.0
1627480308.4734173,0.0,0.0
1627480308.5123017,0.0,0.0
1627480308.5362878,0.0,0.0
1627480308.5793953,0.0,0.0
1627480308.5993793,0.0,0.0
1627480308.6479287,0.0,0.0
1627480308.6876428,0.0,0.0
1627480308.7115207,0.0,0.0
1627480308.7596557,0.0,0.0
1627480308.774676,0.0,0.0
1627480308.8257103,0.0,0.0
1627480308.8583765,0.0,0.0
1627480308.9062047,0.0,0.0
1627480308.9458985,0.0,0.0
1627480308.9652767,0.0,0.0
1627480309.0123942,0.0,0.0
1627480309.0562134,0.0,0.0
1627480309.0760264,0.0,0.0
1627480309.1194363,0.0,0.0
1627480309.1396415,0.0,0.0
1627480309.1902761,0.0,0.0
1627480309.2352457,0.0,0.0
1627480309.2487953,0.0,0.0
1627480309.2976782,0.0,0.0
1627480309.3345816,0.0,0.0
1627480309.383908,0.0,0.0
1627480309.428646,0.0,0.0
1627480309.4535148,0.0,0.0
1627480309.5022168,0.0,0.0
1627480309.5175893,0.0,0.0
1627480309.5661774,0.0,0.0
1627480309.6055942,0.0,0.0
1627480309.654407,0.0,0.0
1627480309.6742568,0.0,0.0
1627480309.722739,0.0,0.0
1627480309.747555,0.0,0.0
1627480309.7965093,0.0,0.0
1627480309.8430882,0.0,0.0
1627480309.8576527,0.0,0.0
1627480309.9066508,0.0,0.0
1627480309.930723,0.0,0.0
1627480309.979968,0.0,0.0
1627480310.0185907,0.0,0.0
1627480310.0439608,0.0,0.0
1627480310.082772,0.0,0.0
1627480310.1271331,0.0,0.0
1627480310.1758645,0.0,0.0
1627480310.1957068,0.0,0.0
1627480310.2462108,0.0,0.0
1627480310.2703724,0.0,0.0
1627480310.3206587,0.0,0.0
1627480310.3619103,0.0,0.0
1627480310.3807206,0.0,0.0
1627480310.4293478,0.0,0.0
1627480310.4546728,0.0,0.0
1627480310.5025516,0.0,0.0
1627480310.5442739,0.0,0.0
1627480310.5637228,0.0,0.0
1627480310.6132913,0.0,0.0
1627480310.6350434,0.0,0.0
1627480310.6814034,0.0,0.0
1627480310.7213311,0.0,0.0
1627480310.745287,0.0,0.0
1627480310.788533,0.0,0.0
1627480310.8084893,0.0,0.0
1627480310.8570046,0.0,0.0
1627480310.8967838,0.0,0.0
1627480310.9204037,0.0,0.0
1627480310.9637,0.0,0.0
1627480310.9839017,0.0,0.0
1627480311.0318043,0.0,0.0
1627480311.0707989,0.0,0.0
1627480311.0953276,0.0,0.0
1627480311.144138,0.0,0.0
1627480311.1582484,0.0,0.0
1627480311.2072895,0.0,0.0
1627480311.2536201,0.0,0.0
1627480311.2682602,0.0,0.0
1627480311.3185809,0.0,0.0
1627480311.3614836,0.0,0.0
1627480311.412955,0.0,0.0
1627480311.4342542,0.0,0.0
1627480311.4841256,0.0,0.0
1627480311.5103424,0.0,0.0
1627480311.5614197,0.0,0.0
1627480311.6037486,0.0,0.0
1627480311.6244767,0.0,0.0
1627480311.6927252,0.0,0.0
1627480311.720854,0.0,0.0
1627480311.7899606,0.0,0.0
1627480311.8161223,0.0,0.0
1627480311.8680599,0.0,0.0
1627480311.9200366,0.0,0.0
1627480311.9345946,0.0,0.0
1627480311.985815,0.0,0.0
1627480312.0013373,0.0,0.0
1627480312.0529032,0.0,0.0
1627480312.093902,0.0,0.0
1627480312.113838,0.0,0.0
1627480312.165189,0.0,0.0
1627480312.1803086,0.0,0.0
1627480312.2335484,0.0,0.0
1627480312.274715,0.0,0.0
1627480312.2960742,0.0,0.0
1627480312.3480616,0.0,0.0
1627480312.3687515,0.0,0.0
1627480312.4197679,0.0,0.0
1627480312.4608827,0.0,0.0
1627480312.4863153,0.0,0.0
1627480312.5318747,0.0,0.0
1627480312.5527358,0.0,0.0
1627480312.6034865,0.0,0.0
1627480312.6289732,0.0,0.0
1627480312.6797447,0.0,0.0
1627480312.7211072,0.0,0.0
1627480312.741676,0.0,0.0
1627480312.7924767,0.0,0.0
1627480312.819292,0.0,0.0
1627480312.8638153,0.0,0.0
1627480312.9153147,0.0,0.0
1627480312.931846,0.0,0.0
1627480312.982831,0.0,0.0
1627480313.029236,0.0,0.0
1627480313.0801969,0.0,0.0
1627480313.1067643,0.0,0.0
1627480313.1585107,0.0,0.0
1627480313.2287445,0.0,0.0
1627480313.3006992,0.0,0.0
1627480313.3205028,0.0,0.0
1627480313.3699837,0.0,0.0
1627480313.4143767,0.0,0.0
1627480313.429459,0.0,0.0
1627480313.4801424,0.0,0.0
1627480313.5018857,0.0,0.0
1627480313.5519962,0.0,0.0
1627480313.5997818,0.0,0.0
1627480313.6155515,0.0,0.0
1627480313.6676962,0.0,0.0
1627480313.6824143,0.0,0.0
1627480313.7328548,0.0,0.0
1627480313.7739484,0.0,0.0
1627480313.7984772,0.0,0.0
1627480313.8377566,0.0,0.0
1627480313.8581963,0.0,0.0
1627480313.911296,0.0,0.0
1627480313.9526477,0.0,0.0
1627480313.9747105,0.0,0.0
1627480314.027145,0.0,0.0
1627480314.0485523,0.0,0.0
1627480314.0965166,0.0,0.0
1627480314.1352947,0.0,0.0
1627480314.1594882,0.0,0.0
1627480314.2085233,0.0,0.0
1627480314.224146,0.0,0.0
1627480314.2766461,0.0,0.0
1627480314.3158557,0.0,0.0
1627480314.3362806,0.0,0.0
1627480314.3870578,0.0,0.0
1627480314.4080784,0.0,0.0
1627480314.459806,0.0,0.0
1627480314.4964132,0.0,0.0
1627480314.5210254,0.0,0.0
1627480314.5696585,0.0,0.0
1627480314.5841649,0.0,0.0
1627480314.6328537,0.0,0.0
1627480314.6723247,0.0,0.0
1627480314.6919987,0.0,0.0
1627480314.7406225,0.0,0.0
1627480314.7692533,0.0,0.0
1627480314.8185396,0.0,0.0
1627480314.8439372,0.0,0.0
1627480314.8887796,0.0,0.0
1627480314.9386747,0.0,0.0
1627480314.9535122,0.0,0.0
1627480314.9982288,0.0,0.0
1627480315.0423803,0.0,0.0
1627480315.0909197,0.0,0.0
1627480315.115856,0.0,0.0
1627480315.1648362,0.0,0.0
1627480315.2083678,0.0,0.0
1627480315.2609448,0.0,0.0
1627480315.3045936,0.0,0.0
1627480315.3205678,0.0,0.0
1627480315.369734,0.0,0.0
1627480315.406788,0.0,0.0
1627480315.455498,0.0,0.0
1627480315.494537,0.0,0.0
1627480315.5192,0.0,0.0
1627480315.564722,0.0,0.0
1627480315.5850625,0.0,0.0
1627480315.6329782,0.0,0.0
1627480315.6744714,0.0,0.0
1627480315.7012205,0.0,0.0
1627480315.7472694,0.0,0.0
1627480315.7684078,0.0,0.0
1627480315.8174822,0.0,0.0
1627480315.859285,0.0,0.0
1627480315.8867857,0.0,0.0
1627480315.9330761,0.0,0.0
1627480315.9491801,0.0,0.0
1627480316.0017955,0.0,0.0
1627480316.0421894,0.0,0.0
1627480316.0640974,0.0,0.0
1627480316.1113102,0.0,0.0
1627480316.1259634,0.0,0.0
1627480316.1741693,0.0,0.0
1627480316.2135,0.0,0.0
1627480316.2342126,0.0,0.0
1627480316.2901623,0.0,0.0
1627480316.315985,0.0,0.0
1627480316.362358,0.0,0.0
1627480316.4115062,0.0,0.0
1627480316.4267476,0.0,0.0
1627480316.4754298,0.0,0.0
1627480316.51353,0.0,0.0
1627480316.5623808,0.0,0.0
1627480316.5868998,0.0,0.0
1627480316.630084,0.0,0.0
1627480316.680643,0.0,0.0
1627480316.6956544,0.0,0.0
1627480316.739108,0.0,0.0
1627480316.7841547,0.0,0.0
1627480316.8328738,0.0,0.0
1627480316.858053,0.0,0.0
1627480316.9069998,0.0,0.0
1627480316.9518635,0.0,0.0
1627480317.0003455,0.0,0.0
1627480317.0443404,0.0,0.0
1627480317.0642247,0.0,0.0
1627480317.1132767,0.0,0.0
1627480317.1280394,0.0,0.0
1627480317.1761146,0.0,0.0
1627480317.2233958,0.0,0.0
1627480317.2778945,0.0,0.0
1627480317.3023949,0.0,0.0
1627480317.351399,0.0,0.0
1627480317.3720794,0.0,0.0
1627480317.421024,0.0,0.0
1627480317.445885,0.0,0.0
1627480317.4958916,0.0,0.0
1627480317.5348387,0.0,0.0
1627480317.5599945,0.0,0.0
1627480317.603902,0.0,0.0
1627480317.6238294,0.0,0.0
1627480317.6739254,0.0,0.0
1627480317.7129984,0.0,0.0
1627480317.737662,0.0,0.0
1627480317.7768254,0.0,0.0
1627480317.8017933,0.0,0.0
1627480317.8504746,0.0,0.0
1627480317.889459,0.0,0.0
1627480317.9096086,0.0,0.0
1627480317.9586945,0.0,0.0
1627480317.985604,0.0,0.0
1627480318.037949,0.0,0.0
1627480318.0824943,0.0,0.0
1627480318.10182,0.0,0.0
1627480318.1520708,0.0,0.0
1627480318.16775,0.0,0.0
1627480318.2180758,0.0,0.0
1627480318.2640545,0.0,0.0
1627480318.2867694,0.0,0.0
1627480318.33937,0.0,0.0
1627480318.3591561,0.0,0.0
1627480318.4088213,0.0,0.0
1627480318.437685,0.0,0.0
1627480318.4862256,0.0,0.0
1627480318.5112867,0.0,0.0
1627480318.5557456,0.0,0.0
1627480318.6040103,0.0,0.0
1627480318.6209338,0.0,0.0
1627480318.6772695,0.0,0.0
1627480318.7158973,0.0,0.0
1627480318.7669625,0.0,0.0
1627480318.80934,0.0,0.0
1627480318.858438,0.0,0.0
1627480318.897929,0.0,0.0
1627480318.9473789,0.0,0.0
1627480318.977116,0.0,0.0
1627480319.0260003,0.0,0.0
1627480319.056179,0.0,0.0
1627480319.1056745,0.0,0.0
1627480319.1359637,0.0,0.0
1627480319.1851947,0.0,0.0
1627480319.210126,0.0,0.0
1627480319.2613373,0.0,0.0
1627480319.300101,0.0,0.0
1627480319.3263822,0.0,0.0
1627480319.3727627,0.0,0.0
1627480319.391574,0.0,0.0
1627480319.4419897,0.0,0.0
1627480319.4844537,0.0,0.0
1627480319.504492,0.0,0.0
1627480319.555081,0.0,0.0
1627480319.5713353,0.0,0.0
1627480319.6154509,0.0,0.0
1627480319.6637514,0.0,0.0
1627480319.680536,0.0,0.0
1627480319.7271404,0.0,0.0
1627480319.7660599,0.0,0.0
1627480319.7861106,0.0,0.0
1627480319.8332963,0.0,0.0
1627480319.857501,0.0,0.0
1627480319.9005349,0.0,0.0
1627480319.9484956,0.0,0.0
1627480319.9682312,0.0,0.0
1627480320.0133252,0.0,0.0
1627480320.0639412,0.0,0.0
1627480320.0793507,0.0,0.0
1627480320.1231024,0.0,0.0
1627480320.1716127,0.0,0.0
1627480320.1922321,0.0,0.0
1627480320.241775,0.0,0.0
1627480320.2686074,0.0,0.0
1627480320.3141837,0.0,0.0
1627480320.3632984,0.0,0.0
1627480320.3783922,0.0,0.0
1627480320.427784,0.0,0.0
1627480320.4618003,0.0,0.0
1627480320.5053563,0.0,0.0
1627480320.5511935,0.0,0.0
1627480320.601552,0.0,0.0
1627480320.616271,0.0,0.0
1627480320.6613805,0.0,0.0
1627480320.7106493,0.0,0.0
1627480320.7265654,0.0,0.0
1627480320.776604,0.0,0.0
1627480320.8188872,0.0,0.0
1627480320.8683376,0.0,0.0
1627480320.884305,0.0,0.0
1627480320.9342282,0.0,0.0
1627480320.9809127,0.0,0.0
1627480320.9971485,0.0,0.0
1627480321.0475996,0.0,0.0
1627480321.0675573,0.0,0.0
1627480321.117302,0.0,0.0
1627480321.1608784,0.0,0.0
1627480321.1756456,0.0,0.0
1627480321.2242455,0.0,0.0
1627480321.2560556,0.0,0.0
1627480321.3119187,0.0,0.0
1627480321.3521802,0.0,0.0
1627480321.3713992,0.0,0.0
1627480321.4208903,0.0,0.0
1627480321.4644876,0.0,0.0
1627480321.481361,0.0,0.0
1627480321.5292,0.0,0.0
1627480321.5494592,0.0,0.0
1627480321.5985076,0.0,0.0
1627480321.6386468,0.0,0.0
1627480321.6591651,0.0,0.0
1627480321.7084503,0.0,0.0
1627480321.733879,0.0,0.0
1627480321.7789626,0.0,0.0
1627480321.8304188,0.0,0.0
1627480321.8449075,0.0,0.0
1627480321.8952913,0.0,0.0
1627480321.934281,0.0,0.0
1627480321.9773636,0.0,0.0
1627480322.0219223,0.0,0.0
1627480322.0668623,0.0,0.0
1627480322.0922306,0.0,0.0
1627480322.1399677,0.0,0.0
1627480322.1922078,0.0,0.0
1627480322.2074656,0.0,0.0
1627480322.2527068,0.0,0.0
1627480322.3014731,0.0,0.0
1627480322.3462281,0.0,0.0
1627480322.3716936,0.0,0.0
1627480322.415765,0.0,0.0
1627480322.4512565,0.0,0.0
1627480322.5357528,0.0,0.0
1627480322.5838478,0.0,0.0
1627480322.6351478,0.0,0.0
1627480322.6846511,0.0,0.0
1627480322.6989775,0.0,0.0
1627480322.7520807,0.0,0.0
1627480322.767365,0.0,0.0
1627480322.8178747,0.0,0.0
1627480322.8635318,0.0,0.0
1627480322.9161875,0.0,0.0
1627480322.9573479,0.0,0.0
1627480322.9769683,0.0,0.0
1627480323.0223458,0.0,0.0
1627480323.0494368,0.0,0.0
1627480323.0994942,0.0,0.0
1627480323.1405962,0.0,0.0
1627480323.1659048,0.0,0.0
1627480323.2116842,0.0,0.0
1627480323.231895,0.0,0.0
1627480323.2883043,0.0,0.0
1627480323.3128226,0.0,0.0
1627480323.3584504,0.0,0.0
1627480323.4101255,0.0,0.0
1627480323.425501,0.0,0.0
1627480323.4695404,0.0,0.0
1627480323.515384,0.0,0.0
1627480323.560008,0.0,0.0
1627480323.5805414,0.0,0.0
1627480323.62776,0.0,0.0
1627480323.6786823,0.0,0.0
1627480323.695584,0.0,0.0
1627480323.7426598,0.0,0.0
1627480323.7961562,0.0,0.0
1627480323.8114793,0.0,0.0
1627480323.857253,0.0,0.0
1627480323.885177,0.0,0.0
1627480323.9313023,0.0,0.0
1627480323.9816096,0.0,0.0
1627480323.9966962,0.0,0.0
1627480324.0429676,0.0,0.0
1627480324.0909872,0.0,0.0
1627480324.1348743,0.0,0.0
1627480324.1605067,0.0,0.0
1627480324.2105815,0.0,0.0
1627480324.2551706,0.0,0.0
1627480324.275197,0.0,0.0
1627480324.321962,0.0,0.0
1627480324.3423982,0.0,0.0
1627480324.387726,0.0,0.0
1627480324.433077,0.0,0.0
1627480324.4825714,0.0,0.0
1627480324.4977772,0.0,0.0
1627480324.5474505,0.0,0.0
1627480324.5903065,0.0,0.0
1627480324.643765,0.0,0.0
1627480324.6637087,0.0,0.0
1627480324.7165647,0.0,0.0
1627480324.764261,0.0,0.0
1627480324.7810724,0.0,0.0
1627480324.8328555,0.0,0.0
1627480324.8545544,0.0,0.0
1627480324.9081404,0.0,0.0
1627480324.9550662,0.0,0.0
1627480324.973701,0.0,0.0
1627480325.023063,0.0,0.0
1627480325.0434935,0.0,0.0
1627480325.0974004,0.0,0.0
1627480325.122125,0.0,0.0
1627480325.1710994,0.0,0.0
1627480325.2115116,0.0,0.0
1627480325.232142,0.0,0.0
1627480325.2814357,0.0,0.0
1627480325.303397,0.0,0.0
1627480325.3512745,0.0,0.0
1627480325.4009216,0.0,0.0
1627480325.4161794,0.0,0.0
1627480325.4665477,0.0,0.0
1627480325.5013497,0.0,0.0
1627480325.5456667,0.0,0.0
1627480325.5985847,0.0,0.0
1627480325.6138434,0.0,0.0
1627480325.6630008,0.0,0.0
1627480325.6880233,0.0,0.0
1627480325.73231,0.0,0.0
1627480325.7826347,0.0,0.0
1627480325.7976093,0.0,0.0
1627480325.843181,0.0,0.0
1627480325.8913262,0.0,0.0
1627480325.908526,0.0,0.0
1627480325.95539,0.0,0.0
1627480326.0014315,0.0,0.0
1627480326.045361,0.0,0.0
1627480326.0717177,0.0,0.0
1627480326.1201267,0.0,0.0
1627480326.1501143,0.0,0.0
1627480326.1966834,0.0,0.0
1627480326.2366219,0.0,0.0
1627480326.287138,0.0,0.0
1627480326.3316326,0.0,0.0
1627480326.3847027,0.0,0.0
1627480326.4283826,0.0,0.0
1627480326.44374,0.0,0.0
1627480326.4947028,0.0,0.0
1627480326.5293293,0.0,0.0
1627480326.579261,0.0,0.0
1627480326.6243548,0.0,0.0
1627480326.6458786,0.0,0.0
1627480326.6961603,0.0,0.0
1627480326.7240722,0.0,0.0
1627480326.7752333,0.0,0.0
1627480326.795679,0.0,0.0
1627480326.8413908,0.0,0.0
1627480326.8912468,0.0,0.0
1627480326.90625,0.0,0.0
1627480326.9547102,0.0,0.0
1627480326.9950285,0.0,0.0
1627480327.0384414,0.0,0.0
1627480327.0856483,0.0,0.0
1627480327.104143,0.0,0.0
1627480327.1446683,0.0,0.0
1627480327.1926222,0.0,0.0
1627480327.2072344,0.0,0.0
1627480327.2497127,0.0,0.0
1627480327.2944484,0.0,0.0
1627480327.3372097,0.0,0.0
1627480327.388231,0.0,0.0
1627480327.4029815,0.0,0.0
1627480327.446238,0.0,0.0
1627480327.4712532,0.0,0.0
1627480327.5144258,0.0,0.0
1627480327.565087,0.0,0.0
1627480327.5784137,0.0,0.0
1627480327.6208441,0.0,0.0
1627480327.6647034,0.0,0.0
1627480327.7074358,0.0,0.0
1627480327.731853,0.0,0.0
1627480327.7759266,0.0,0.0
1627480327.8244147,0.0,0.0
1627480327.8396528,0.0,0.0
1627480327.884142,0.0,0.0
1627480327.9325585,0.0,0.0
1627480327.947565,0.0,0.0
1627480327.9963589,0.0,0.0
1627480328.0356426,0.0,0.0
1627480328.0863445,0.0,0.0
1627480328.1018958,0.0,0.0
1627480328.1501775,0.0,0.0
1627480328.1956563,0.0,0.0
1627480328.2150073,0.0,0.0
1627480328.2585998,0.0,0.0
1627480328.2784307,0.0,0.0
1627480328.3282566,0.0,0.0
1627480328.3741975,0.0,0.0
1627480328.3893275,0.0,0.0
1627480328.4386406,0.0,0.0
1627480328.458735,0.0,0.0
1627480328.5079088,0.0,0.0
1627480328.5517414,0.0,0.0
1627480328.571939,0.0,0.0
1627480328.6163118,0.0,0.0
1627480328.6585138,0.0,0.0
1627480328.7100286,0.0,0.0
1627480328.740514,0.0,0.0
1627480328.7907343,0.0,0.0
1627480328.8215287,0.0,0.0
1627480328.8721783,0.0,0.0
1627480328.9405787,0.0,0.0
1627480329.0126371,0.0,0.0
1627480329.033235,0.0,0.0
1627480329.0820749,0.0,0.0
1627480329.1232092,0.0,0.0
1627480329.147995,0.0,0.0
1627480329.1991992,0.0,0.0
1627480329.2153442,0.0,0.0
1627480329.2645664,0.0,0.0
1627480329.3005154,0.0,0.0
1627480329.3465545,0.0,0.0
1627480329.3983603,0.0,0.0
1627480329.418937,0.0,0.0
1627480329.4697225,0.0,0.0
1627480329.4847405,0.0,0.0
1627480329.5353315,0.0,0.0
1627480329.575449,0.0,0.0
1627480329.5955436,0.0,0.0
1627480329.6412444,0.0,0.0
1627480329.6620226,0.0,0.0
1627480329.7065394,0.0,0.0
1627480329.7575772,0.0,0.0
1627480329.772237,0.0,0.0
1627480329.817643,0.0,0.0
1627480329.868031,0.0,0.0
1627480329.8827555,0.0,0.0
1627480329.9306626,0.0,0.0
1627480329.9754903,0.0,0.0
1627480330.0223224,0.0,0.0
1627480330.0490599,0.0,0.0
1627480330.0943854,0.0,0.0
1627480330.1476495,0.0,0.0
1627480330.1647503,0.0,0.0
1627480330.216866,0.0,0.0
1627480330.2591612,0.0,0.0
1627480330.3062885,0.0,0.0
1627480330.3600245,0.0,0.0
1627480330.376939,0.0,0.0
1627480330.4432077,0.0,0.0
1627480330.5116413,0.0,0.0
1627480330.559046,0.0,0.0
1627480330.5772872,0.0,0.0
1627480330.6242793,0.0,0.0
1627480330.6749637,0.0,0.0
1627480330.6905453,0.0,0.0
1627480330.736406,0.0,0.0
1627480330.785396,0.0,0.0
1627480330.805822,0.0,0.0
1627480330.8506196,0.0,0.0
1627480330.8954835,0.0,0.0
1627480330.939792,0.0,0.0
1627480330.959614,0.0,0.0
1627480331.0028467,0.0,0.0
1627480331.0385032,0.0,0.0
1627480331.0834584,0.0,0.0
1627480331.1325414,0.0,0.0
1627480331.152473,0.0,0.0
1627480331.1966887,0.0,0.0
1627480331.2458718,0.0,0.0
1627480331.2656386,0.0,0.0
1627480331.316506,0.0,0.0
1627480331.3387103,0.0,0.0
1627480331.3841114,0.0,0.0
1627480331.4347608,0.0,0.0
1627480331.456413,0.0,0.0
1627480331.5026615,0.0,0.0
1627480331.5393617,0.0,0.0
1627480331.5826876,0.0,0.0
1627480331.6310081,0.0,0.0
1627480331.6507835,0.0,0.0
1627480331.6938107,0.0,0.0
1627480331.7308967,0.0,0.0
1627480331.7757914,0.0,0.0
1627480331.8245578,0.0,0.0
1627480331.8410094,0.0,0.0
1627480331.8862376,0.0,0.0
1627480331.9380689,0.0,0.0
1627480331.9554343,0.0,0.0
1627480332.007332,0.0,0.0
1627480332.0338223,0.0,0.0
1627480332.0818274,0.0,0.0
1627480332.1277535,0.0,0.0
1627480332.1444356,0.0,0.0
1627480332.1938832,0.0,0.0
1627480332.2141943,0.0,0.0
1627480332.2628593,0.0,0.0
1627480332.3083787,0.0,0.0
1627480332.3245544,0.0,0.0
1627480332.3733268,0.0,0.0
1627480332.3932054,0.0,0.0
1627480332.444828,0.0,0.0
1627480332.4894466,0.0,0.0
1627480332.5085845,0.0,0.0
1627480332.5532253,0.0,0.0
1627480332.5732522,0.0,0.0
1627480332.6169994,0.0,0.0
1627480332.6649528,0.0,0.0
1627480332.680641,0.0,0.0
1627480332.7249622,0.0,0.0
1627480332.7736897,0.0,0.0
1627480332.789232,0.0,0.0
1627480332.8324468,0.0,0.0
1627480332.882041,0.0,0.0
1627480332.8967464,0.0,0.0
1627480332.941223,0.0,0.0
1627480332.9920058,0.0,0.0
1627480333.0067713,0.0,0.0
1627480333.0496848,0.0,0.0
1627480333.0958,0.0,0.0
1627480333.1402678,0.0,0.0
1627480333.1654627,0.0,0.0
1627480333.209126,0.0,0.0
1627480333.2578342,0.0,0.0
1627480333.2778497,0.0,0.0
1627480333.323744,0.0,0.0
1627480333.3708608,0.0,0.0
1627480333.3859735,0.0,0.0
1627480333.43137,0.0,0.0
1627480333.475682,0.0,0.0
1627480333.5208175,0.0,0.0
1627480333.5472302,0.0,0.0
1627480333.5931838,0.0,0.0
1627480333.6432598,0.0,0.0
1627480333.6587737,0.0,0.0
1627480333.7040706,0.0,0.0
1627480333.7448237,0.0,0.0
1627480333.7895954,0.0,0.0
1627480333.839704,0.0,0.0
1627480333.856011,0.0,0.0
1627480333.9079888,0.0,0.0
1627480333.9431684,0.0,0.0
1627480333.9862974,0.0,0.0
1627480334.0410638,0.0,0.0
1627480334.129667,0.0,0.0
1627480334.1571803,0.0,0.0
1627480334.2089834,0.0,0.0
1627480334.229479,0.0,0.0
1627480334.2751713,0.0,0.0
1627480334.327615,0.0,0.0
1627480334.341542,0.0,0.0
1627480334.3860698,0.0,0.0
1627480334.4380205,0.0,0.0
1627480334.4535825,0.0,0.0
1627480334.5046918,0.0,0.0
1627480334.5306277,0.0,0.0
1627480334.5727766,0.0,0.0
1627480334.624297,0.0,0.0
1627480334.640689,0.0,0.0
1627480334.685667,0.0,0.0
1627480334.7362447,0.0,0.0
1627480334.751344,0.0,0.0
1627480334.7964277,0.0,0.0
1627480334.8428686,0.0,0.0
1627480334.8887038,0.0,0.0
1627480334.9113984,0.0,0.0
1627480334.9579177,0.0,0.0
1627480335.0041046,0.0,0.0
1627480335.0241735,0.0,0.0
1627480335.0720139,0.0,0.0
1627480335.1172307,0.0,0.0
1627480335.1623697,0.0,0.0
1627480335.188295,0.0,0.0
1627480335.2360716,0.0,0.0
1627480335.2860901,0.0,0.0
1627480335.302165,0.0,0.0
1627480335.3484268,0.0,0.0
1627480335.3939593,0.0,0.0
1627480335.4137292,0.0,0.0
1627480335.465925,0.0,0.0
1627480335.4874563,0.0,0.0
1627480335.5356076,0.0,0.0
1627480335.6313915,0.0,0.0
1627480335.6507547,0.0,0.0
1627480335.695982,0.0,0.0
1627480335.7163725,0.0,0.0
1627480335.7637024,0.0,0.0
1627480335.8082952,0.0,0.0
1627480335.8283617,0.0,0.0
1627480335.878816,0.0,0.0
1627480335.90957,0.0,0.0
1627480335.9618568,0.0,0.0
1627480335.9911296,0.0,0.0
1627480336.042309,0.0,0.0
1627480336.067626,0.0,0.0
1627480336.1182258,0.0,0.0
1627480336.1663752,0.0,0.0
1627480336.179348,0.0,0.0
1627480336.2306678,0.0,0.0
1627480336.2512796,0.0,0.0
1627480336.3022127,0.0,0.0
1627480336.3530278,0.0,0.0
1627480336.3896675,0.0,0.0
1627480336.4574819,0.0,0.0
1627480336.4782932,0.0,0.0
1627480336.5306056,0.0,0.0
1627480336.5569034,0.0,0.0
1627480336.6020057,0.0,0.0
1627480336.6533496,0.0,0.0
1627480336.6688993,0.0,0.0
1627480336.7188015,0.0,0.0
1627480336.762944,0.0,0.0
1627480336.80866,0.0,0.0
1627480336.8542922,0.0,0.0
1627480336.9007225,0.0,0.0
1627480336.931364,0.0,0.0
1627480336.9805775,0.0,0.0
1627480337.0764065,0.0,0.0
1627480337.0837462,0.0,0.0
1627480337.0990036,0.0,0.0
1627480337.1150382,0.0,0.0
1627480337.209837,0.0,0.0
1627480337.2191362,0.0,0.0
1627480337.2339158,0.0,0.0
1627480337.339817,0.0,0.0
1627480337.3496323,0.0,0.0
1627480337.3496451,0.0,0.0
1627480337.365341,0.0,0.0
1627480337.4720273,0.0,0.0
1627480337.4771776,0.0,0.0
1627480337.4772263,0.0,0.0
1627480337.6030815,0.0,0.0
1627480337.6082902,0.0,0.0
1627480337.6108088,0.0,0.0
1627480337.7388551,0.0,0.0
1627480337.7519426,0.0,0.0
1627480337.7519772,0.0,0.0
1627480337.7560704,0.0,0.0
1627480337.781034,0.0,0.0
1627480337.8726878,0.0,0.0
1627480337.876679,0.0,0.0
1627480338.0453882,0.0,0.0
1627480338.0520232,0.0,0.0
1627480338.0520308,0.0,0.0
1627480338.0520387,0.0,0.0
1627480338.086199,0.0,0.0
1627480338.2180777,0.0,0.0
1627480338.2269983,0.0,0.0
1627480338.2270052,0.0,0.0
1627480338.227043,0.0,0.0
1627480338.2566545,0.0,0.0
1627480338.3910477,0.0,0.0
1627480338.399953,0.0,0.0
1627480338.3999631,0.0,0.0
1627480338.399968,0.0,0.0
1627480338.54765,0.0,0.0
1627480338.5551486,0.0,0.0
1627480338.55904,0.0,0.0
1627480338.5590508,0.0,0.0
1627480338.5661042,0.0,0.0
1627480338.6442163,0.0,0.0
1627480338.6532118,0.0,0.0
1627480338.81808,0.0,0.0
1627480338.8238542,0.0,0.0
1627480338.8238652,0.0,0.0
1627480338.83533,0.0,0.0
1627480338.9903355,0.0,0.0
1627480338.9987755,0.0,0.0
1627480338.998784,0.0,0.0
1627480338.9988096,0.0,0.0
1627480339.0335376,0.0,0.0
1627480339.16435,0.0,0.0
1627480339.1792054,0.0,0.0
1627480339.17922,0.0,0.0
1627480339.1792443,0.0,0.0
1627480339.206525,0.0,0.0
1627480339.3001726,0.0,0.0
1627480339.3068411,0.0,0.0
1627480339.3089418,0.0,0.0
1627480339.3328063,0.0,0.0
1627480339.4741137,0.0,0.0
1627480339.4822989,0.0,0.0
1627480339.482305,0.0,0.0
1627480339.4842312,0.0,0.0
1627480339.6484268,0.0,0.0
1627480339.6603215,0.0,0.0
1627480339.6603324,0.0,0.0
1627480339.660346,0.0,0.0
1627480339.6758316,0.0,0.0
1627480339.6905928,0.0,0.0
1627480339.8201516,0.0,0.0
1627480339.8318791,0.0,0.0
1627480339.8319435,0.0,0.0
1627480339.8370185,0.0,0.0
1627480339.9924242,0.0,0.0
1627480340.007729,0.0,0.0
1627480340.0077317,0.0,0.0
1627480340.0077348,0.0,0.0
1627480340.010125,0.0,0.0
1627480340.1665983,0.0,0.0
1627480340.173997,0.0,0.0
1627480340.1740305,0.0,0.0
1627480340.1740398,0.0,0.0
1627480340.1854608,0.0,0.0
1627480340.2094996,0.0,0.0
1627480340.3402936,0.0,0.0
1627480340.3513675,0.0,0.0
1627480340.3514037,0.0,0.0
1627480340.3671913,0.0,0.0
1627480340.5127127,0.0,0.0
1627480340.5154462,0.0,0.0
1627480340.5154543,0.0,0.0
1627480340.524655,0.0,0.0
1627480340.6486197,0.0,0.0
1627480340.6525521,0.0,0.0
1627480340.652574,0.0,0.0
1627480340.6830325,0.0,0.0
1627480340.782858,0.0,0.0
1627480340.7928908,0.0,0.0
1627480340.7928963,0.0,0.0
1627480340.8136997,0.0,0.0
1627480340.878022,0.0,0.0
1627480340.8831625,0.0,0.0
1627480340.9344897,0.0,0.0
1627480340.973536,0.0,0.0
1627480340.9976547,0.0,0.0
1627480341.0462728,0.0,0.0
1627480341.0618665,0.0,0.0
1627480341.1048706,0.0,0.0
1627480341.153771,0.0,0.0
1627480341.1692073,0.0,0.0
1627480341.2167716,0.0,0.0
1627480341.2598379,0.0,0.0
1627480341.2833536,0.0,0.0
1627480341.331213,0.0,0.0
1627480341.3460486,0.0,0.0
1627480341.3912518,0.0,0.0
1627480341.43921,0.0,0.0
1627480341.4540994,0.0,0.0
1627480341.5009508,0.0,0.0
1627480341.5401816,0.0,0.0
1627480341.5883193,0.0,0.0
1627480341.6314259,0.0,0.0
1627480341.6781392,0.0,0.0
1627480341.7201622,0.0,0.0
1627480341.7449467,0.0,0.0
1627480341.7929158,0.0,0.0
1627480341.8117933,0.0,0.0
1627480341.8598373,0.0,0.0
1627480341.9033213,0.0,0.0
1627480341.9540265,0.0,0.0
1627480341.9948153,0.0,0.0
1627480342.0102146,0.0,0.0
1627480342.0568435,0.0,0.0
1627480342.099796,0.0,0.0
1627480342.1148932,0.0,0.0
1627480342.157867,0.0,0.0
1627480342.2014697,0.0,0.0
1627480342.2450633,0.0,0.0
1627480342.2891097,0.0,0.0
1627480342.3324494,0.0,0.0
1627480342.3819306,0.0,0.0
1627480342.3964453,0.0,0.0
1627480342.4402528,0.0,0.0
1627480342.4884942,0.0,0.0
1627480342.508153,0.0,0.0
1627480342.5551345,0.0,0.0
1627480342.5986648,0.0,0.0
1627480342.6459565,0.0,0.0
1627480342.6611109,0.0,0.0
1627480342.7054977,0.0,0.0
1627480342.7493093,0.0,0.0
1627480342.7706022,0.0,0.0
1627480342.8175027,0.0,0.0
1627480342.8634872,0.0,0.0
1627480342.8845642,0.0,0.0
1627480342.9310591,0.0,0.0
1627480342.970306,0.0,0.0
1627480343.0343292,0.0,0.0
1627480343.1080053,0.0,0.0
1627480343.1297247,0.0,0.0
1627480343.1759257,0.0,0.0
1627480343.2179883,0.0,0.0
1627480343.2681584,0.0,0.0
1627480343.2909598,0.0,0.0
1627480343.3427083,0.0,0.0
1627480343.3881671,0.0,0.0
1627480343.4370954,0.0,0.0
1627480343.479493,0.0,0.0
1627480343.531229,0.0,0.0
1627480343.5752664,0.0,0.0
1627480343.62259,0.0,0.0
1627480343.665944,0.0,0.0
1627480343.6855402,0.0,0.0
1627480343.7327385,0.0,0.0
1627480343.7518253,0.0,0.0
1627480343.8030832,0.0,0.0
1627480343.878758,0.0,0.0
1627480343.9013584,0.0,0.0
1627480343.949062,0.0,0.0
1627480343.9638722,0.0,0.0
1627480344.010743,0.0,0.0
1627480344.051468,0.0,0.0
1627480344.0976608,0.0,0.0
1627480344.1403105,0.0,0.0
1627480344.1883297,0.0,0.0
1627480344.2308908,0.0,0.0
1627480344.2456627,0.0,0.0
1627480344.2927163,0.0,0.0
1627480344.3281813,0.0,0.0
1627480344.3793616,0.0,0.0
1627480344.4254906,0.0,0.0
1627480344.4462342,0.0,0.0
1627480344.4917216,0.0,0.0
1627480344.5270631,0.0,0.0
1627480344.5812333,0.0,0.0
1627480344.6066964,0.0,0.0
1627480344.6574593,0.0,0.0
1627480344.682194,0.0,0.0
1627480344.7290592,0.0,0.0
1627480344.7537103,0.0,0.0
1627480344.8002303,0.0,0.0
1627480344.825311,0.0,0.0
1627480344.8728926,0.0,0.0
1627480344.9161785,0.0,0.0
1627480344.9428706,0.0,0.0
1627480344.9871407,0.0,0.0
1627480345.0065424,0.0,0.0
1627480345.0544345,0.0,0.0
1627480345.077717,0.0,0.0
1627480345.1245177,0.0,0.0
1627480345.167574,0.0,0.0
1627480345.1918628,0.0,0.0
1627480345.2411778,0.0,0.0
1627480345.257205,0.0,0.0
1627480345.307049,0.0,0.0
1627480345.3503716,0.0,0.0
1627480345.3751817,0.0,0.0
1627480345.422371,0.0,0.0
1627480345.4367478,0.0,0.0
1627480345.484786,0.0,0.0
1627480345.5079348,0.0,0.0
1627480345.5574522,0.0,0.0
1627480345.577737,0.0,0.0
1627480345.6258056,0.0,0.0
1627480345.67069,0.0,0.0
1627480345.6951675,0.0,0.0
1627480345.7433705,0.0,0.0
1627480345.7580018,0.0,0.0
1627480345.8055294,0.0,0.0
1627480345.8388073,0.0,0.0
1627480345.886833,0.0,0.0
1627480345.9269478,0.0,0.0
1627480345.9737835,0.0,0.0
1627480346.0178983,0.0,0.0
1627480346.037267,0.0,0.0
1627480346.0850325,0.0,0.0
1627480346.099776,0.0,0.0
1627480346.146938,0.0,0.0
1627480346.189793,0.0,0.0
1627480346.2098763,0.0,0.0
1627480346.2579203,0.0,0.0
1627480346.2818105,0.0,0.0
1627480346.3302824,0.0,0.0
1627480346.372624,0.0,0.0
1627480346.3910844,0.0,0.0
1627480346.4310863,0.0,0.0
1627480346.474781,0.0,0.0
1627480346.5170515,0.0,0.0
1627480346.5466993,0.0,0.0
1627480346.5922666,0.0,0.0
1627480346.6284707,0.0,0.0
1627480346.6789231,0.0,0.0
1627480346.703469,0.0,0.0
1627480346.7511394,0.0,0.0
1627480346.794439,0.0,0.0
1627480346.8162205,0.0,0.0
1627480346.86143,0.0,0.0
1627480346.887051,0.0,0.0
1627480346.933907,0.0,0.0
1627480346.976152,0.0,0.0
1627480347.0059178,0.0,0.0
1627480347.0561218,0.0,0.0
1627480347.0729687,0.0,0.0
1627480347.1175597,0.0,0.0
1627480347.1636496,0.0,0.0
1627480347.213578,0.0,0.0
1627480347.2339172,0.0,0.0
1627480347.2855313,0.0,0.0
1627480347.3309102,0.0,0.0
1627480347.3475583,0.0,0.0
1627480347.3957481,0.0,0.0
1627480347.4107823,0.0,0.0
1627480347.4570673,0.0,0.0
1627480347.4996111,0.0,0.0
1627480347.5235279,0.0,0.0
1627480347.5678315,0.0,0.0
1627480347.5878599,0.0,0.0
1627480347.6360939,0.0,0.0
1627480347.6591208,0.0,0.0
1627480347.706862,0.0,0.0
1627480347.7491958,0.0,0.0
1627480347.7720919,0.0,0.0
1627480347.8158834,0.0,0.0
1627480347.835304,0.0,0.0
1627480347.881659,0.0,0.0
1627480347.9245186,0.0,0.0
1627480347.944648,0.0,0.0
1627480347.993173,0.0,0.0
1627480348.0126927,0.0,0.0
1627480348.0603485,0.0,0.0
1627480348.1035361,0.0,0.0
1627480348.1272645,0.0,0.0
1627480348.1769607,0.0,0.0
1627480348.1914005,0.0,0.0
1627480348.239378,0.0,0.0
1627480348.2788658,0.0,0.0
1627480348.3254325,0.0,0.0
1627480348.3691652,0.0,0.0
1627480348.3976917,0.0,0.0
1627480348.4402983,0.0,0.0
1627480348.4567301,0.0,0.0
1627480348.5022614,0.0,0.0
1627480348.544489,0.0,0.0
1627480348.5942519,0.0,0.0
1627480348.637287,0.0,0.0
1627480348.6611452,0.0,0.0
1627480348.7075663,0.0,0.0
1627480348.7221591,0.0,0.0
1627480348.7695804,0.0,0.0
1627480348.8076773,0.0,0.0
1627480348.8548832,0.0,0.0
1627480348.8744946,0.0,0.0
1627480348.9218152,0.0,0.0
1627480348.9666564,0.0,0.0
1627480348.9836366,0.0,0.0
1627480349.031117,0.0,0.0
1627480349.0600402,0.0,0.0
1627480349.1069338,0.0,0.0
1627480349.1358721,0.0,0.0
1627480349.1826987,0.0,0.0
1627480349.225998,0.0,0.0
1627480349.254361,0.0,0.0
1627480349.2983482,0.0,0.0
1627480349.317656,0.0,0.0
1627480349.365673,0.0,0.0
1627480349.3908868,0.0,0.0
1627480349.4390244,0.0,0.0
1627480349.4828959,0.0,0.0
1627480349.5028954,0.0,0.0
1627480349.5514648,0.0,0.0
1627480349.5653605,0.0,0.0
1627480349.6169934,0.0,0.0
1627480349.661278,0.0,0.0
1627480349.6833131,0.0,0.0
1627480349.7195532,0.0,0.0
1627480349.744723,0.0,0.0
1627480349.7932034,0.0,0.0
1627480349.8369098,0.0,0.0
1627480349.851913,0.0,0.0
1627480349.9050286,0.0,0.0
1627480349.9439209,0.0,0.0
1627480349.9930928,0.0,0.0
1627480350.0361736,0.0,0.0
1627480350.0562165,0.0,0.0
1627480350.1053834,0.0,0.0
1627480350.130515,0.0,0.0
1627480350.181158,0.0,0.0
1627480350.2243416,0.0,0.0
1627480350.2393224,0.0,0.0
1627480350.2832956,0.0,0.0
1627480350.3081996,0.0,0.0
1627480350.355377,0.0,0.0
1627480350.4007099,0.0,0.0
1627480350.4300978,0.0,0.0
1627480350.4735515,0.0,0.0
1627480350.492642,0.0,0.0
1627480350.5426784,0.0,0.0
1627480350.568745,0.0,0.0
1627480350.6183577,0.0,0.0
1627480350.664764,0.0,0.0
1627480350.6897264,0.0,0.0
1627480350.7399733,0.0,0.0
1627480350.755919,0.0,0.0
1627480350.8011167,0.0,0.0
1627480350.8468099,0.0,0.0
1627480350.897946,0.0,0.0
1627480350.9180455,0.0,0.0
1627480350.980515,0.0,0.0
1627480351.0581555,0.0,0.0
1627480351.0734515,0.0,0.0
1627480351.1187847,0.0,0.0
1627480351.1387177,0.0,0.0
1627480351.1894557,0.0,0.0
1627480351.2156324,0.0,0.0
1627480351.265739,0.0,0.0
1627480351.311946,0.0,0.0
1627480351.361629,0.0,0.0
1627480351.40846,0.0,0.0
1627480351.4243867,0.0,0.0
1627480351.4740064,0.0,0.0
1627480351.4937925,0.0,0.0
1627480351.5434227,0.0,0.0
1627480351.5904863,0.0,0.0
1627480351.610546,0.0,0.0
1627480351.6638417,0.0,0.0
1627480351.6795177,0.0,0.0
1627480351.7283204,0.0,0.0
1627480351.7700891,0.0,0.0
1627480351.8217175,0.0,0.0
1627480351.843219,0.0,0.0
1627480351.893105,0.0,0.0
1627480351.9400642,0.0,0.0
1627480351.9597666,0.0,0.0
1627480352.0102031,0.0,0.0
1627480352.0249546,0.0,0.0
1627480352.0739598,0.0,0.0
1627480352.0986388,0.0,0.0
1627480352.1481624,0.0,0.0
1627480352.19358,0.0,0.0
1627480352.2236435,0.0,0.0
1627480352.2678976,0.0,0.0
1627480352.2832994,0.0,0.0
1627480352.333763,0.0,0.0
1627480352.377889,0.0,0.0
1627480352.4268885,0.0,0.0
1627480352.4415689,0.0,0.0
1627480352.5122898,0.0,0.0
1627480352.5784745,0.0,0.0
1627480352.5981264,0.0,0.0
1627480352.6499634,0.0,0.0
1627480352.6656604,0.0,0.0
1627480352.7188952,0.0,0.0
1627480352.7596235,0.0,0.0
1627480352.8105361,0.0,0.0
1627480352.83012,0.0,0.0
1627480352.879395,0.0,0.0
1627480352.9043593,0.0,0.0
1627480352.9537039,0.0,0.0
1627480352.9994004,0.0,0.0
1627480353.0142255,0.0,0.0
1627480353.063618,0.0,0.0
1627480353.1084695,0.0,0.0
1627480353.1612484,0.0,0.0
1627480353.2084353,0.0,0.0
1627480353.260996,0.0,0.0
1627480353.281978,0.0,0.0
1627480353.3339367,0.0,0.0
1627480353.382769,0.0,0.0
1627480353.4006333,0.0,0.0
1627480353.4540827,0.0,0.0
1627480353.4744313,0.0,0.0
1627480353.5266047,0.0,0.0
1627480353.5595803,0.0,0.0
1627480353.6087663,0.0,0.0
1627480353.637204,0.0,0.0
1627480353.688283,0.0,0.0
1627480353.7352235,0.0,0.0
1627480353.7502642,0.0,0.0
1627480353.7958922,0.0,0.0
1627480353.8210177,0.0,0.0
1627480353.870468,0.0,0.0
1627480353.9155488,0.0,0.0
1627480353.9355595,0.0,0.0
1627480353.9865716,0.0,0.0
1627480354.0012984,0.0,0.0
1627480354.0507996,0.0,0.0
1627480354.0864027,0.0,0.0
1627480354.1370432,0.0,0.0
1627480354.1837537,0.0,0.0
1627480354.206018,0.0,0.0
1627480354.2529619,0.0,0.0
1627480354.278094,0.0,0.0
1627480354.3284607,0.0,0.0
1627480354.3741953,0.0,0.0
1627480354.4030912,0.0,0.0
1627480354.457743,0.0,0.0
1627480354.4763362,0.0,0.0
1627480354.529743,0.0,0.0
1627480354.572998,0.0,0.0
1627480354.62657,0.0,0.0
1627480354.6454804,0.0,0.0
1627480354.7087615,0.0,0.0
1627480354.7814374,0.0,0.0
1627480354.8308544,0.0,0.0
1627480354.8466718,0.0,0.0
1627480354.8967135,0.0,0.0
1627480354.9408357,0.0,0.0
1627480354.9611752,0.0,0.0
1627480355.0081236,0.0,0.0
1627480355.0283303,0.0,0.0
1627480355.0784657,0.0,0.0
1627480355.1249204,0.0,0.0
1627480355.1497374,0.0,0.0
1627480355.1953232,0.0,0.0
1627480355.2131793,0.0,0.0
1627480355.260206,0.0,0.0
1627480355.306013,0.0,0.0
1627480355.3262177,0.0,0.0
1627480355.3753152,0.0,0.0
1627480355.3911688,0.0,0.0
1627480355.4408488,0.0,0.0
1627480355.4866612,0.0,0.0
1627480355.5362077,0.0,0.0
1627480355.58092,0.0,0.0
1627480355.6068513,0.0,0.0
1627480355.6549845,0.0,0.0
1627480355.6724916,0.0,0.0
1627480355.7220304,0.0,0.0
1627480355.7670631,0.0,0.0
1627480355.7874653,0.0,0.0
1627480355.8382063,0.0,0.0
1627480355.8534992,0.0,0.0
1627480355.9033506,0.0,0.0
1627480355.9478962,0.0,0.0
1627480355.9725668,0.0,0.0
1627480356.0219767,0.0,0.0
1627480356.038067,0.0,0.0
1627480356.0873294,0.0,0.0
1627480356.1279478,0.0,0.0
1627480356.1768997,0.0,0.0
1627480356.221163,0.0,0.0
1627480356.2462287,0.0,0.0
1627480356.292305,0.0,0.0
1627480356.312653,0.0,0.0
1627480356.363779,0.0,0.0
1627480356.384434,0.0,0.0
1627480356.4342942,0.0,0.0
1627480356.478646,0.0,0.0
1627480356.5037286,0.0,0.0
1627480356.550039,0.0,0.0
1627480356.5647798,0.0,0.0
1627480356.61788,0.0,0.0
1627480356.664175,0.0,0.0
1627480356.6840627,0.0,0.0
1627480356.7326295,0.0,0.0
1627480356.7490664,0.0,0.0
1627480356.7955112,0.0,0.0
1627480356.842589,0.0,0.0
1627480356.8911731,0.0,0.0
1627480356.9130275,0.0,0.0
1627480356.962255,0.0,0.0
1627480357.0085993,0.0,0.0
1627480357.058083,0.0,0.0
1627480357.1028543,0.0,0.0
1627480357.122874,0.0,0.0
1627480357.1677194,0.0,0.0
1627480357.18694,0.0,0.0
1627480357.2374172,0.0,0.0
1627480357.281556,0.0,0.0
1627480357.3021104,0.0,0.0
1627480357.3518996,0.0,0.0
1627480357.3710666,0.0,0.0
1627480357.4204142,0.0,0.0
1627480357.4692786,0.0,0.0
1627480357.5171545,0.0,0.0
1627480357.561066,0.0,0.0
1627480357.610629,0.0,0.0
1627480357.6578164,0.0,0.0
1627480357.6770513,0.0,0.0
1627480357.7261777,0.0,0.0
1627480357.7462893,0.0,0.0
1627480357.7958903,0.0,0.0
1627480357.8451288,0.0,0.0
1627480357.8943582,0.0,0.0
1627480357.9390047,0.0,0.0
1627480357.9637997,0.0,0.0
1627480358.0133307,0.0,0.0
1627480358.028963,0.0,0.0
1627480358.0802755,0.0,0.0
1627480358.1146245,0.0,0.0
1627480358.1640158,0.0,0.0
1627480358.212605,0.0,0.0
1627480358.2326097,0.0,0.0
1627480358.2848651,0.0,0.0
1627480358.2991009,0.0,0.0
1627480358.3483028,0.0,0.0
1627480358.39401,0.0,0.0
1627480358.4152846,0.0,0.0
1627480358.4646802,0.0,0.0
1627480358.4799933,0.0,0.0
1627480358.5285819,0.0,0.0
1627480358.5709298,0.0,0.0
1627480358.6227393,0.0,0.0
1627480358.6480734,0.0,0.0
1627480358.697843,0.0,0.0
1627480358.7422955,0.0,0.0
1627480358.7662256,0.0,0.0
1627480358.8157737,0.0,0.0
1627480358.8321533,0.0,0.0
1627480358.881478,0.0,0.0
1627480358.9057825,0.0,0.0
1627480358.9553037,0.0,0.0
1627480358.998742,0.0,0.0
1627480359.024748,0.0,0.0
1627480359.0747347,0.0,0.0
1627480359.0895393,0.0,0.0
1627480359.1389809,0.0,0.0
1627480359.1749828,0.0,0.0
1627480359.2256694,0.0,0.0
1627480359.2498422,0.0,0.0
1627480359.3000622,0.0,0.0
1627480359.3448937,0.0,0.0
1627480359.3729,0.0,0.0
1627480359.4163854,0.0,0.0
1627480359.4407434,0.0,0.0
1627480359.490968,0.0,0.0
1627480359.536147,0.0,0.0
1627480359.5852418,0.0,0.0
1627480359.6332853,0.0,0.0
1627480359.6530042,0.0,0.0
1627480359.7018516,0.0,0.0
1627480359.7220705,0.0,0.0
1627480359.7712479,0.0,0.0
1627480359.8175013,0.0,0.0
1627480359.8416164,0.0,0.0
1627480359.8900955,0.0,0.0
1627480359.9062288,0.0,0.0
1627480359.9555113,0.0,0.0
1627480359.9941351,0.0,0.0
1627480360.0444314,0.0,0.0
1627480360.0880518,0.0,0.0
1627480360.108707,0.0,0.0
1627480360.1592836,0.0,0.0
1627480360.179659,0.0,0.0
1627480360.2305653,0.0,0.0
1627480360.2751896,0.0,0.0
1627480360.3015041,0.0,0.0
1627480360.3410141,0.0,0.0
1627480360.3617768,0.0,0.0
1627480360.4118772,0.0,0.0
1627480360.457332,0.0,0.0
1627480360.5082228,0.0,0.0
1627480360.5547578,0.0,0.0
1627480360.5754483,0.0,0.0
1627480360.6258712,0.0,0.0
1627480360.6465826,0.0,0.0
1627480360.7003603,0.0,0.0
1627480360.724462,0.0,0.0
1627480360.7742438,0.0,0.0
1627480360.825144,0.0,0.0
1627480360.875697,0.0,0.0
1627480360.924436,0.0,0.0
1627480360.9767475,0.0,0.0
1627480361.0205805,0.0,0.0
1627480361.0725815,0.0,0.0
1627480361.102921,0.0,0.0
1627480361.1744437,0.0,0.0
1627480361.2227197,0.0,0.0
1627480361.274934,0.0,0.0
1627480361.2956777,0.0,0.0
1627480361.3451073,0.0,0.0
1627480361.3882942,0.0,0.0
1627480361.4391005,0.0,0.0
1627480361.4847176,0.0,0.0
1627480361.5051434,0.0,0.0
1627480361.5541337,0.0,0.0
1627480361.5743246,0.0,0.0
1627480361.6243036,0.0,0.0
1627480361.6707833,0.0,0.0
1627480361.6962812,0.0,0.0
1627480361.7365415,0.0,0.0
1627480361.7556412,0.0,0.0
1627480361.8055558,0.0,0.0
1627480361.851404,0.0,0.0
1627480361.876349,0.0,0.0
1627480361.9213226,0.0,0.0
1627480361.941602,0.0,0.0
1627480361.990817,0.0,0.0
1627480362.0158484,0.0,0.0
1627480362.065681,0.0,0.0
1627480362.1099522,0.0,0.0
1627480362.1595206,0.0,0.0
1627480362.2029786,0.0,0.0
1627480362.252208,0.0,0.0
1627480362.2982166,0.0,0.0
1627480362.3190641,0.0,0.0
1627480362.3694825,0.0,0.0
1627480362.3907475,0.0,0.0
1627480362.4412959,0.0,0.0
1627480362.485841,0.0,0.0
1627480362.5055034,0.0,0.0
1627480362.5559802,0.0,0.0
1627480362.5707123,0.0,0.0
1627480362.6203032,0.0,0.0
1627480362.6655955,0.0,0.0
1627480362.693228,0.0,0.0
1627480362.7418585,0.0,0.0
1627480362.7573583,0.0,0.0
1627480362.8063033,0.0,0.0
1627480362.8316662,0.0,0.0
1627480362.8817017,0.0,0.0
1627480362.9255657,0.0,0.0
1627480362.9735184,0.0,0.0
1627480363.018323,0.0,0.0
1627480363.0382833,0.0,0.0
1627480363.0883946,0.0,0.0
1627480363.1136947,0.0,0.0
1627480363.1617517,0.0,0.0
1627480363.1819293,0.0,0.0
1627480363.230771,0.0,0.0
1627480363.2776852,0.0,0.0
1627480363.2982752,0.0,0.0
1627480363.346944,0.0,0.0
1627480363.3666003,0.0,0.0
1627480363.4194238,0.0,0.0
1627480363.4431274,0.0,0.0
1627480363.4954731,0.0,0.0
1627480363.5430908,0.0,0.0
1627480363.5634785,0.0,0.0
1627480363.6151578,0.0,0.0
1627480363.6357768,0.0,0.0
1627480363.6866095,0.0,0.0
1627480363.7126684,0.0,0.0
1627480363.759531,0.0,0.0
1627480363.80511,0.0,0.0
1627480363.830508,0.0,0.0
1627480363.8698702,0.0,0.0
1627480363.8945994,0.0,0.0
1627480363.9461274,0.0,0.0
1627480363.9943147,0.0,0.0
1627480364.015631,0.0,0.0
1627480364.0681217,0.0,0.0
1627480364.0852394,0.0,0.0
1627480364.1364782,0.0,0.0
1627480364.1816666,0.0,0.0
1627480364.2012234,0.0,0.0
1627480364.2469819,0.0,0.0
1627480364.2681806,0.0,0.0
1627480364.3214135,0.0,0.0
1627480364.369216,0.0,0.0
1627480364.3906455,0.0,0.0
1627480364.443087,0.0,0.0
1627480364.4589667,0.0,0.0
1627480364.5081122,0.0,0.0
1627480364.5529313,0.0,0.0
1627480364.601167,0.0,0.0
1627480364.651706,0.0,0.0
1627480364.7019148,0.0,0.0
1627480364.7455726,0.0,0.0
1627480364.8259423,0.0,0.0
1627480364.8846278,0.0,0.0
1627480364.9058182,0.0,0.0
1627480364.9503963,0.0,0.0
1627480364.9915311,0.0,0.0
1627480365.043359,0.0,0.0
1627480365.0832798,0.0,0.0
1627480365.1325178,0.0,0.0
1627480365.1748993,0.0,0.0
1627480365.2263556,0.0,0.0
1627480365.2565384,0.0,0.0
1627480365.307701,0.0,0.0
1627480365.3381698,0.0,0.0
1627480365.3883264,0.0,0.0
1627480365.4141767,0.0,0.0
1627480365.4645958,0.0,0.0
1627480365.5137548,0.0,0.0
1627480365.5637743,0.0,0.0
1627480365.6135535,0.0,0.0
1627480365.6633105,0.0,0.0
1627480365.7096028,0.0,0.0
1627480365.7609339,0.0,0.0
1627480365.8071175,0.0,0.0
1627480365.857771,0.0,0.0
1627480365.908169,0.0,0.0
1627480365.958959,0.0,0.0
1627480366.0039122,0.0,0.0
1627480366.024158,0.0,0.0
1627480366.074648,0.0,0.0
1627480366.094965,0.0,0.0
1627480366.146625,0.0,0.0
1627480366.1712315,0.0,0.0
1627480366.221554,0.0,0.0
1627480366.2671213,0.0,0.0
1627480366.3146524,0.0,0.0
1627480366.3588045,0.0,0.0
1627480366.4078767,0.0,0.0
1627480366.4524589,0.0,0.0
1627480366.4723341,0.0,0.0
1627480366.5214617,0.0,0.0
1627480366.5410993,0.0,0.0
1627480366.590522,0.0,0.0
1627480366.6358604,0.0,0.0
1627480366.655346,0.0,0.0
1627480366.706917,0.0,0.0
1627480366.7323081,0.0,0.0
1627480366.7808578,0.0,0.0
1627480366.8255513,0.0,0.0
1627480366.8502905,0.0,0.0
1627480366.8950977,0.0,0.0
1627480366.9094753,0.0,0.0
1627480366.9580097,0.0,0.0
1627480367.0009239,0.0,0.0
1627480367.0212052,0.0,0.0
1627480367.071079,0.0,0.0
1627480367.0998492,0.0,0.0
1627480367.148935,0.0,0.0
1627480367.1738944,0.0,0.0
1627480367.223002,0.0,0.0
1627480367.2679548,0.0,0.0
1627480367.2886882,0.0,0.0
1627480367.3371086,0.0,0.0
1627480367.3522668,0.0,0.0
1627480367.4010894,0.0,0.0
1627480367.4461136,0.0,0.0
1627480367.4711242,0.0,0.0
1627480367.5189133,0.0,0.0
1627480367.533612,0.0,0.0
1627480367.5819795,0.0,0.0
1627480367.6266496,0.0,0.0
1627480367.6526165,0.0,0.0
1627480367.6944425,0.0,0.0
1627480367.7185345,0.0,0.0
1627480367.767108,0.0,0.0
1627480367.8079598,0.0,0.0
1627480367.8559604,0.0,0.0
1627480367.8855472,0.0,0.0
1627480367.9352381,0.0,0.0
1627480367.9592435,0.0,0.0
1627480368.0085397,0.0,0.0
1627480368.0599718,0.0,0.0
1627480368.0797372,0.0,0.0
1627480368.120614,0.0,0.0
1627480368.1450493,0.0,0.0
1627480368.1924138,0.0,0.0
1627480368.244959,0.0,0.0
1627480368.292662,0.0,0.0
1627480368.3377345,0.0,0.0
1627480368.3627484,0.0,0.0
1627480368.4122012,0.0,0.0
1627480368.4329023,0.0,0.0
1627480368.4760501,0.0,0.0
1627480368.5170941,0.0,0.0
1627480368.5647745,0.0,0.0
1627480368.5891478,0.0,0.0
1627480368.6388435,0.0,0.0
1627480368.6858673,0.0,0.0
1627480368.7058609,0.0,0.0
1627480368.7540534,0.0,0.0
1627480368.77362,0.0,0.0
1627480368.822146,0.0,0.0
1627480368.8477802,0.0,0.0
1627480368.89661,0.0,0.0
1627480368.9404407,0.0,0.0
1627480368.9607415,0.0,0.0
1627480369.0091517,0.0,0.0
1627480369.0329833,0.0,0.0
1627480369.0813334,0.0,0.0
1627480369.1251807,0.0,0.0
1627480369.1742172,0.0,0.0
1627480369.222039,0.0,0.0
1627480369.237079,0.0,0.0
1627480369.2859015,0.0,0.0
1627480369.3248312,0.0,0.0
1627480369.3725119,0.0,0.0
1627480369.402833,0.0,0.0
1627480369.4530258,0.0,0.0
1627480369.481883,0.0,0.0
1627480369.5304773,0.0,0.0
1627480369.554965,0.0,0.0
1627480369.602457,0.0,0.0
1627480369.6475778,0.0,0.0
1627480369.6673849,0.0,0.0
1627480369.7139785,0.0,0.0
1627480369.738575,0.0,0.0
1627480369.7869797,0.0,0.0
1627480369.830561,0.0,0.0
1627480369.879472,0.0,0.0
1627480369.9237878,0.0,0.0
1627480369.9527962,0.0,0.0
1627480369.996443,0.0,0.0
1627480370.0166743,0.0,0.0
1627480370.0656571,0.0,0.0
1627480370.0960362,0.0,0.0
1627480370.1443646,0.0,0.0
1627480370.168483,0.0,0.0
1627480370.217047,0.0,0.0
1627480370.2619407,0.0,0.0
1627480370.286242,0.0,0.0
1627480370.3352478,0.0,0.0
1627480370.3506591,0.0,0.0
1627480370.3991008,0.0,0.0
1627480370.4400806,0.0,0.0
1627480370.4882672,0.0,0.0
1627480370.5286367,0.0,0.0
1627480370.57657,0.0,0.0
1627480370.6011782,0.0,0.0
1627480370.6501935,0.0,0.0
1627480370.6969674,0.0,0.0
1627480370.725848,0.0,0.0
1627480370.7649267,0.0,0.0
1627480370.7873924,0.0,0.0
1627480370.8369067,0.0,0.0
1627480370.8621063,0.0,0.0
1627480370.9113376,0.0,0.0
1627480370.9544988,0.0,0.0
1627480370.9791508,0.0,0.0
1627480371.0183465,0.0,0.0
1627480371.0421479,0.0,0.0
1627480371.0913606,0.0,0.0
1627480371.135761,0.0,0.0
1627480371.1552408,0.0,0.0
1627480371.2043023,0.0,0.0
1627480371.2190573,0.0,0.0
1627480371.2683876,0.0,0.0
1627480371.3124614,0.0,0.0
1627480371.3370793,0.0,0.0
1627480371.3846562,0.0,0.0
1627480371.4002635,0.0,0.0
1627480371.4484782,0.0,0.0
1627480371.4830046,0.0,0.0
1627480371.5303268,0.0,0.0
1627480371.5547168,0.0,0.0
1627480371.6028547,0.0,0.0
1627480371.6523328,0.0,0.0
1627480371.7034163,0.0,0.0
1627480371.75183,0.0,0.0
1627480371.8017735,0.0,0.0
1627480371.8257422,0.0,0.0
1627480371.8750906,0.0,0.0
1627480371.9239812,0.0,0.0
1627480371.9730752,0.0,0.0
1627480372.021455,0.0,0.0
1627480372.0700982,0.0,0.0
1627480372.1137495,0.0,0.0
1627480372.1330388,0.0,0.0
1627480372.1803179,0.0,0.0
1627480372.195446,0.0,0.0
1627480372.2425716,0.0,0.0
1627480372.2911675,0.0,0.0
1627480372.3393054,0.0,0.0
1627480372.382251,0.0,0.0
1627480372.406389,0.0,0.0
1627480372.4515772,0.0,0.0
1627480372.4708176,0.0,0.0
1627480372.5187829,0.0,0.0
1627480372.5474749,0.0,0.0
1627480372.5957441,0.0,0.0
1627480372.6387577,0.0,0.0
1627480372.689648,0.0,0.0
1627480372.7372644,0.0,0.0
1627480372.752148,0.0,0.0
1627480372.800647,0.0,0.0
1627480372.844896,0.0,0.0
1627480372.89228,0.0,0.0
1627480372.912188,0.0,0.0
1627480372.9607794,0.0,0.0
1627480373.009643,0.0,0.0
1627480373.0584815,0.0,0.0
1627480373.1066492,0.0,0.0
1627480373.154367,0.0,0.0
1627480373.178893,0.0,0.0
1627480373.2269666,0.0,0.0
1627480373.2758162,0.0,0.0
1627480373.3265693,0.0,0.0
1627480373.374567,0.0,0.0
1627480373.4216208,0.0,0.0
1627480373.4470415,0.0,0.0
1627480373.4959223,0.0,0.0
1627480373.5443144,0.0,0.0
1627480373.5914614,0.0,0.0
1627480373.639123,0.0,0.0
1627480373.6899333,0.0,0.0
1627480373.7341223,0.0,0.0
1627480373.753579,0.0,0.0
1627480373.8025687,0.0,0.0
1627480373.8174045,0.0,0.0
1627480373.8667088,0.0,0.0
1627480373.9067938,0.0,0.0
1627480373.9543214,0.0,0.0
1627480373.9978611,0.0,0.0
1627480374.0220473,0.0,0.0
1627480374.0714865,0.0,0.0
1627480374.0860243,0.0,0.0
1627480374.1336024,0.0,0.0
1627480374.1728616,0.0,0.0
1627480374.220445,0.0,0.0
1627480374.2403996,0.0,0.0
1627480374.2900367,0.0,0.0
1627480374.3334112,0.0,0.0
1627480374.3528376,0.0,0.0
1627480374.4017954,0.0,0.0
1627480374.421248,0.0,0.0
1627480374.470296,0.0,0.0
1627480374.514068,0.0,0.0
1627480374.5290184,0.0,0.0
1627480374.5770698,0.0,0.0
1627480374.602412,0.0,0.0
1627480374.650369,0.0,0.0
1627480374.6971126,0.0,0.0
1627480374.7172308,0.0,0.0
1627480374.7655146,0.0,0.0
1627480374.7904985,0.0,0.0
1627480374.8397899,0.0,0.0
1627480374.8883204,0.0,0.0
1627480374.9137785,0.0,0.0
1627480374.9631627,0.0,0.0
1627480374.9792879,0.0,0.0
1627480375.0286844,0.0,0.0
1627480375.078835,0.0,0.0
1627480375.1301913,0.0,0.0
1627480375.151204,0.0,0.0
1627480375.2012455,0.0,0.0
1627480375.227374,0.0,0.0
1627480375.278537,0.0,0.0
1627480375.3248625,0.0,0.0
1627480375.375201,0.0,0.0
1627480375.4216175,0.0,0.0
1627480375.4421287,0.0,0.0
1627480375.4933097,0.0,0.0
1627480375.5132644,0.0,0.0
1627480375.566449,0.0,0.0
1627480375.5920043,0.0,0.0
1627480375.6457312,0.0,0.0
1627480375.6980221,0.0,0.0
1627480375.75134,0.0,0.0
1627480375.797985,0.0,0.0
1627480375.8477929,0.0,0.0
1627480375.8923025,0.0,0.0
1627480375.9433434,0.0,0.0
1627480375.9898248,0.0,0.0
1627480376.036869,0.0,0.0
1627480376.0857327,0.0,0.0
1627480376.1362572,0.0,0.0
1627480376.176694,0.0,0.0
1627480376.2574298,0.0,0.0
1627480376.3002474,0.0,0.0
1627480376.3504796,0.0,0.0
1627480376.3750727,0.0,0.0
1627480376.4247355,0.0,0.0
1627480376.474173,0.0,0.0
1627480376.5245194,0.0,0.0
1627480376.5739193,0.0,0.0
1627480376.6229343,0.0,0.0
1627480376.6722467,0.0,0.0
1627480376.7249215,0.0,0.0
1627480376.7739508,0.0,0.0
1627480376.8231585,0.0,0.0
1627480376.8705654,0.0,0.0
1627480376.9234765,0.0,0.0
1627480376.9510617,0.0,0.0
1627480377.0022838,0.0,0.0
1627480377.0241346,0.0,0.0
1627480377.0723982,0.0,0.0
1627480377.1163433,0.0,0.0
1627480377.1409018,0.0,0.0
1627480377.1852295,0.0,0.0
1627480377.2056003,0.0,0.0
1627480377.2542512,0.0,0.0
1627480377.2797298,0.0,0.0
1627480377.3312955,0.0,0.0
1627480377.3806968,0.0,0.0
1627480377.4306126,0.0,0.0
1627480377.4567885,0.0,0.0
1627480377.5085976,0.0,0.0
1627480377.555506,0.0,0.0
1627480377.5763547,0.0,0.0
1627480377.6272936,0.0,0.0
1627480377.6434934,0.0,0.0
1627480377.732118,0.0,0.0
1627480377.7900684,0.0,0.0
1627480377.8109891,0.0,0.0
1627480377.8563838,0.0,0.0
1627480377.878253,0.0,0.0
1627480377.928626,0.0,0.0
1627480377.955862,0.0,0.0
1627480378.006705,0.0,0.0
1627480378.0539503,0.0,0.0
1627480378.0761838,0.0,0.0
1627480378.1275551,0.0,0.0
1627480378.1437404,0.0,0.0
1627480378.195445,0.0,0.0
1627480378.243112,0.0,0.0
1627480378.264393,0.0,0.0
1627480378.3134844,0.0,0.0
1627480378.331094,0.0,0.0
1627480378.3819907,0.0,0.0
1627480378.4272208,0.0,0.0
1627480378.4479964,0.0,0.0
1627480378.5293562,0.0,0.0
1627480378.5637233,0.0,0.0
1627480378.6150792,0.0,0.0
1627480378.6297848,0.0,0.0
1627480378.6810095,0.0,0.0
1627480378.7283468,0.0,0.0
1627480378.7807305,0.0,0.0
1627480378.8265562,0.0,0.0
1627480378.877479,0.0,0.0
1627480378.9278793,0.0,0.0
1627480378.976872,0.0,0.0
1627480379.0029967,0.0,0.0
1627480379.0536633,0.0,0.0
1627480379.1000679,0.0,0.0
1627480379.150414,0.0,0.0
1627480379.194927,0.0,0.0
1627480379.2446103,0.0,0.0
1627480379.318172,0.0,0.0
1627480379.3455596,0.0,0.0
1627480379.4046226,0.0,0.0
1627480379.424823,0.0,0.0
1627480379.47519,0.0,0.0
1627480379.5204911,0.0,0.0
1627480379.5455549,0.0,0.0
1627480379.5909674,0.0,0.0
1627480379.6066527,0.0,0.0
1627480379.6567886,0.0,0.0
1627480379.7103524,0.0,0.0
1627480379.7674656,0.0,0.0
1627480379.8173628,0.0,0.0
1627480379.867856,0.0,0.0
1627480379.9168313,0.0,0.0
1627480379.9659715,0.0,0.0
1627480380.0122,0.0,0.0
1627480380.061808,0.0,0.0
1627480380.0862925,0.0,0.0
1627480380.1354442,0.0,0.0
1627480380.160692,0.0,0.0
1627480380.2088764,0.0,0.0
1627480380.2334852,0.0,0.0
1627480380.281876,0.0,0.0
1627480380.306448,0.0,0.0
1627480380.3547647,0.0,0.0
1627480380.374871,0.0,0.0
1627480380.4246519,0.0,0.0
1627480380.477222,0.0,0.0
1627480380.5238004,0.0,0.0
1627480380.5728877,0.0,0.0
1627480380.5884638,0.0,0.0
1627480380.6323965,0.0,0.0
1627480380.6775074,0.0,0.0
1627480380.7250044,0.0,0.0
1627480380.744958,0.0,0.0
1627480380.797112,0.0,0.0
1627480380.846273,0.0,0.0
1627480380.8631842,0.0,0.0
1627480380.915277,0.0,0.0
1627480380.9522083,0.0,0.0
1627480381.0007575,0.0,0.0
1627480381.0302215,0.0,0.0
1627480381.0804918,0.0,0.0
1627480381.1255758,0.0,0.0
1627480381.1749809,0.0,0.0
1627480381.1945293,0.0,0.0
1627480381.243438,0.0,0.0
1627480381.2951603,0.0,0.0
1627480381.3134992,0.0,0.0
1627480381.3628387,0.0,0.0
1627480381.3831298,0.0,0.0
1627480381.432976,0.0,0.0
1627480381.4569392,0.0,0.0
1627480381.5055912,0.0,0.0
1627480381.5503483,0.0,0.0
1627480381.570686,0.0,0.0
1627480381.61987,0.0,0.0
1627480381.641726,0.0,0.0
1627480381.6890676,0.0,0.0
1627480381.7141285,0.0,0.0
1627480381.7645931,0.0,0.0
1627480381.811655,0.0,0.0
1627480381.831957,0.0,0.0
1627480381.8806117,0.0,0.0
1627480381.903878,0.0,0.0
1627480381.9536247,0.0,0.0
1627480381.9731314,0.0,0.0
1627480382.0238926,0.0,0.0
1627480382.077221,0.0,0.0
1627480382.1310656,0.0,0.0
1627480382.18228,0.0,0.0
1627480382.2333753,0.0,0.0
1627480382.2599084,0.0,0.0
1627480382.3116028,0.0,0.0
1627480382.3571403,0.0,0.0
1627480382.4065714,0.0,0.0
1627480382.4578574,0.0,0.0
1627480382.5069005,0.0,0.0
1627480382.531888,0.0,0.0
1627480382.5802724,0.0,0.0
1627480382.6308427,0.0,0.0
1627480382.6810937,0.0,0.0
1627480382.7051995,0.0,0.0
1627480382.754521,0.0,0.0
1627480382.8071249,0.0,0.0
1627480382.8551595,0.0,0.0
1627480382.9015772,0.0,0.0
1627480382.9533803,0.0,0.0
1627480382.9750042,0.0,0.0
1627480383.0262253,0.0,0.0
1627480383.052133,0.0,0.0
1627480383.0994966,0.0,0.0
1627480383.146527,0.0,0.0
1627480383.1948705,0.0,0.0
1627480383.2387185,0.0,0.0
1627480383.2906997,0.0,0.0
1627480383.3340764,0.0,0.0
1627480383.3851967,0.0,0.0
1627480383.4341493,0.0,0.0
1627480383.48334,0.0,0.0
1627480383.5323868,0.0,0.0
1627480383.5815308,0.0,0.0
1627480383.6308007,0.0,0.0
1627480383.6803236,0.0,0.0
1627480383.7184873,0.0,0.0
1627480383.744326,0.0,0.0
1627480383.791228,0.0,0.0
1627480383.8106182,0.0,0.0
1627480383.86062,0.0,0.0
1627480383.885692,0.0,0.0
1627480383.9344797,0.0,0.0
1627480383.9842248,0.0,0.0
1627480384.0341408,0.0,0.0
1627480384.0830398,0.0,0.0
1627480384.132407,0.0,0.0
1627480384.1820009,0.0,0.0
1627480384.2303374,0.0,0.0
1627480384.280117,0.0,0.0
1627480384.3305461,0.0,0.0
1627480384.381665,0.0,0.0
1627480384.431768,0.0,0.0
1627480384.4810343,0.0,0.0
1627480384.5349786,0.0,0.0
1627480384.5856032,0.0,0.0
1627480384.6369824,0.0,0.0
1627480384.6933234,0.0,0.0
1627480384.7423906,0.0,0.0
1627480384.7968323,0.0,0.0
1627480384.8481538,0.0,0.0
1627480384.8748784,0.0,0.0
1627480384.9239502,0.0,0.0
1627480384.968562,0.0,0.0
1627480384.994501,0.0,0.0
1627480385.0600784,0.0,0.0
1627480385.0962183,0.0,0.0
1627480385.150419,0.0,0.0
1627480385.1696298,0.0,0.0
1627480385.219191,0.0,0.0
1627480385.262802,0.0,0.0
1627480385.2830386,0.0,0.0
1627480385.3324263,0.0,0.0
1627480385.3536468,0.0,0.0
1627480385.4059181,0.0,0.0
1627480385.4525723,0.0,0.0
1627480385.5068154,0.0,0.0
1627480385.5497518,0.0,0.0
1627480385.6010096,0.0,0.0
1627480385.627615,0.0,0.0
1627480385.6765676,0.0,0.0
1627480385.7026963,0.0,0.0
1627480385.752446,0.0,0.0
1627480385.7995234,0.0,0.0
1627480385.874311,0.0,0.0
1627480385.9360676,0.0,0.0
1627480385.9868255,0.0,0.0
1627480386.0010743,0.0,0.0
1627480386.0504034,0.0,0.0
1627480386.0956154,0.0,0.0
1627480386.123088,0.0,0.0
1627480386.1693351,0.0,0.0
1627480386.1851945,0.0,0.0
1627480386.2351205,0.0,0.0
1627480386.2803595,0.0,0.0
1627480386.332742,0.0,0.0
1627480386.3830864,0.0,0.0
1627480386.4322848,0.0,0.0
1627480386.4626079,0.0,0.0
1627480386.51339,0.0,0.0
1627480386.5391548,0.0,0.0
1627480386.5889273,0.0,0.0
1627480386.6378307,0.0,0.0
1627480386.6881683,0.0,0.0
1627480386.7400243,0.0,0.0
1627480386.7933495,0.0,0.0
1627480386.8192382,0.0,0.0
1627480386.871535,0.0,0.0
1627480386.9126596,0.0,0.0
1627480386.9318733,0.0,0.0
1627480386.9830887,0.0,0.0
1627480387.0030758,0.0,0.0
1627480387.0542603,0.0,0.0
1627480387.080152,0.0,0.0
1627480387.1306343,0.0,0.0
1627480387.171184,0.0,0.0
1627480387.1907537,0.0,0.0
1627480387.2396586,0.0,0.0
1627480387.2597265,0.0,0.0
1627480387.3105469,0.0,0.0
1627480387.3617094,0.0,0.0
1627480387.410767,0.0,0.0
1627480387.4617712,0.0,0.0
1627480387.5122344,0.0,0.0
1627480387.5522606,0.0,0.0
1627480387.5815923,0.0,0.0
1627480387.625904,0.0,0.0
1627480387.6403027,0.0,0.0
1627480387.6902301,0.0,0.0
1627480387.7338529,0.0,0.0
1627480387.7850106,0.0,0.0
1627480387.7996852,0.0,0.0
1627480387.8486645,0.0,0.0
1627480387.893777,0.0,0.0
1627480387.9433963,0.0,0.0
1627480387.9637713,0.0,0.0
1627480388.0142593,0.0,0.0
1627480388.0447187,0.0,0.0
1627480388.0933022,0.0,0.0
1627480388.117779,0.0,0.0
1627480388.1664639,0.0,0.0
1627480388.2156332,0.0,0.0
1627480388.2656121,0.0,0.0
1627480388.3149686,0.0,0.0
1627480388.3297193,0.0,0.0
1627480388.3787017,0.0,0.0
1627480388.4023767,0.0,0.0
1627480388.4552417,0.0,0.0
1627480388.5069892,0.0,0.0
1627480388.5199373,0.0,0.0
1627480388.568505,0.0,0.0
1627480388.6132789,0.0,0.0
1627480388.6622841,0.0,0.0
1627480388.6770616,0.0,0.0
1627480388.7258644,0.0,0.0
1627480388.7667336,0.0,0.0
1627480388.8193326,0.0,0.0
1627480388.8633776,0.0,0.0
1627480388.9134862,0.0,0.0
1627480388.9583545,0.0,0.0
1627480388.973301,0.0,0.0
1627480389.02439,0.0,0.0
1627480389.0494254,0.0,0.0
1627480389.1009693,0.0,0.0
1627480389.149472,0.0,0.0
1627480389.1698647,0.0,0.0
1627480389.217296,0.0,0.0
1627480389.2336123,0.0,0.0
1627480389.284243,0.0,0.0
1627480389.329661,0.0,0.0
1627480389.3498075,0.0,0.0
1627480389.4003222,0.0,0.0
1627480389.4150372,0.0,0.0
1627480389.4653814,0.0,0.0
1627480389.5108736,0.0,0.0
1627480389.5595021,0.0,0.0
1627480389.6043024,0.0,0.0
1627480389.6539292,0.0,0.0
1627480389.7041376,0.0,0.0
1627480389.7217166,0.0,0.0
1627480389.7682953,0.0,0.0
1627480389.8112724,0.0,0.0
1627480389.8602939,0.0,0.0
1627480389.8795576,0.0,0.0
1627480389.929613,0.0,0.0
1627480389.955421,0.0,0.0
1627480390.0054908,0.0,0.0
1627480390.0567374,0.0,0.0
1627480390.106796,0.0,0.0
1627480390.1375182,0.0,0.0
1627480390.189342,0.0,0.0
1627480390.2201924,0.0,0.0
1627480390.271504,0.0,0.0
1627480390.2990305,0.0,0.0
1627480390.3468027,0.0,0.0
1627480390.3855834,0.0,0.0
1627480390.4101846,0.0,0.0
1627480390.460966,0.0,0.0
1627480390.4778128,0.0,0.0
1627480390.529856,0.0,0.0
1627480390.5566368,0.0,0.0
1627480390.6079962,0.0,0.0
1627480390.6503167,0.0,0.0
1627480390.6718156,0.0,0.0
1627480390.7215204,0.0,0.0
1627480390.7409184,0.0,0.0
1627480390.791653,0.0,0.0
1627480390.8167465,0.0,0.0
1627480390.8652384,0.0,0.0
1627480390.8859594,0.0,0.0
1627480390.9404197,0.0,0.0
1627480390.981357,0.0,0.0
1627480391.0028856,0.0,0.0
1627480391.0555527,0.0,0.0
1627480391.0763757,0.0,0.0
1627480391.1255038,0.0,0.0
1627480391.1747284,0.0,0.0
1627480391.2248895,0.0,0.0
1627480391.2636836,0.0,0.0
1627480391.285346,0.0,0.0
1627480391.3349628,0.0,0.0
1627480391.3550847,0.0,0.0
1627480391.4037113,0.0,0.0
1627480391.4428473,0.0,0.0
1627480391.4688606,0.0,0.0
1627480391.5120091,0.0,0.0
1627480391.5317717,0.0,0.0
1627480391.581896,0.0,0.0
1627480391.6254354,0.0,0.0
1627480391.641836,0.0,0.0
1627480391.6929464,0.0,0.0
1627480391.718242,0.0,0.0
1627480391.7666106,0.0,0.0
1627480391.8122542,0.0,0.0
1627480391.8320787,0.0,0.0
1627480391.8760207,0.0,0.0
1627480391.8956554,0.0,0.0
1627480391.9445765,0.0,0.0
1627480391.984393,0.0,0.0
1627480392.0030339,0.0,0.0
1627480392.0528843,0.0,0.0
1627480392.097596,0.0,0.0
1627480392.1196046,0.0,0.0
1627480392.162206,0.0,0.0
1627480392.1794748,0.0,0.0
1627480392.226538,0.0,0.0
1627480392.2773511,0.0,0.0
1627480392.3282244,0.0,0.0
1627480392.3777149,0.0,0.0
1627480392.4310524,0.0,0.0
1627480392.4740446,0.0,0.0
1627480392.5264113,0.0,0.0
1627480392.5508208,0.0,0.0
1627480392.5985994,0.0,0.0
1627480392.6452973,0.0,0.0
1627480392.667121,0.0,0.0
1627480392.7167048,0.0,0.0
1627480392.7428176,0.0,0.0
1627480392.7987044,0.0,0.0
1627480392.8418567,0.0,0.0
1627480392.861418,0.0,0.0
1627480392.910956,0.0,0.0
1627480392.932374,0.0,0.0
1627480392.9821603,0.0,0.0
1627480393.0267227,0.0,0.0
1627480393.0760427,0.0,0.0
1627480393.1230586,0.0,0.0
1627480393.1390805,0.0,0.0
1627480393.1885343,0.0,0.0
1627480393.2086275,0.0,0.0
1627480393.258208,0.0,0.0
1627480393.292172,0.0,0.0
1627480393.344983,0.0,0.0
1627480393.3703175,0.0,0.0
1627480393.4203458,0.0,0.0
1627480393.4677014,0.0,0.0
1627480393.5238676,0.0,0.0
1627480393.566838,0.0,0.0
1627480393.5817983,0.0,0.0
1627480393.630731,0.0,0.0
1627480393.6505008,0.0,0.0
1627480393.7213638,0.0,0.0
1627480393.7912784,0.0,0.0
1627480393.807088,0.0,0.0
1627480393.859499,0.0,0.0
1627480393.8754942,0.0,0.0
1627480393.9290683,0.0,0.0
1627480393.9691381,0.0,0.0
1627480394.0193026,0.0,0.0
1627480394.0610447,0.0,0.0
1627480394.111822,0.0,0.0
1627480394.1547565,0.0,0.0
1627480394.2050574,0.0,0.0
1627480394.2295823,0.0,0.0
1627480394.2800314,0.0,0.0
1627480394.320901,0.0,0.0
1627480394.3461218,0.0,0.0
1627480394.397403,0.0,0.0
1627480394.4131167,0.0,0.0
1627480394.4626396,0.0,0.0
1627480394.5240228,0.0,0.0
1627480394.5973544,0.0,0.0
1627480394.62184,0.0,0.0
1627480394.672512,0.0,0.0
1627480394.7224867,0.0,0.0
1627480394.773057,0.0,0.0
1627480394.8133724,0.0,0.0
1627480394.8372617,0.0,0.0
1627480394.889597,0.0,0.0
1627480394.9043913,0.0,0.0
1627480394.9546494,0.0,0.0
1627480394.9966652,0.0,0.0
1627480395.0240264,0.0,0.0
1627480395.0700376,0.0,0.0
1627480395.0896919,0.0,0.0
1627480395.1401162,0.0,0.0
1627480395.1802688,0.0,0.0
1627480395.2055376,0.0,0.0
1627480395.2464166,0.0,0.0
1627480395.2674448,0.0,0.0
1627480395.3201406,0.0,0.0
1627480395.3607774,0.0,0.0
1627480395.3813174,0.0,0.0
1627480395.4321313,0.0,0.0
1627480395.4631429,0.0,0.0
1627480395.5131314,0.0,0.0
1627480395.5426824,0.0,0.0
1627480395.5925503,0.0,0.0
1627480395.6219418,0.0,0.0
1627480395.672717,0.0,0.0
1627480395.7126467,0.0,0.0
1627480395.7327874,0.0,0.0
1627480395.7826474,0.0,0.0
1627480395.8027875,0.0,0.0
1627480395.8546019,0.0,0.0
1627480395.8824584,0.0,0.0
1627480395.935201,0.0,0.0
1627480395.9856591,0.0,0.0
1627480396.0366805,0.0,0.0
1627480396.0827465,0.0,0.0
1627480396.1354764,0.0,0.0
1627480396.1565228,0.0,0.0
1627480396.20071,0.0,0.0
1627480396.237682,0.0,0.0
1627480396.2823393,0.0,0.0
1627480396.3341837,0.0,0.0
1627480396.3488853,0.0,0.0
1627480396.3944082,0.0,0.0
1627480396.4346364,0.0,0.0
1627480396.4852674,0.0,0.0
1627480396.5149057,0.0,0.0
1627480396.5654469,0.0,0.0
1627480396.5924478,0.0,0.0
1627480396.6440897,0.0,0.0
1627480396.6851459,0.0,0.0
1627480396.7152593,0.0,0.0
1627480396.8015163,0.0,0.0
1627480396.8222811,0.0,0.0
1627480396.8744848,0.0,0.0
1627480396.9003363,0.0,0.0
1627480396.9565365,0.0,0.0
1627480397.07799,0.0,0.0
1627480397.0819676,0.0,0.0
1627480397.0881896,0.0,0.0
1627480397.112929,0.0,0.0
1627480397.2131436,0.0,0.0
1627480397.217463,0.0,0.0
1627480397.219972,0.0,0.0
1627480397.341992,0.0,0.0
1627480397.3484738,0.0,0.0
1627480397.348477,0.0,0.0
1627480397.3484802,0.0,0.0
1627480397.4737344,0.0,0.0
1627480397.4772046,0.0,0.0
1627480397.477229,0.0,0.0
1627480397.504518,0.0,0.0
1627480397.603884,0.0,0.0
1627480397.61553,0.0,0.0
1627480397.6155558,0.0,0.0
1627480397.6477957,0.0,0.0
1627480397.7409556,0.0,0.0
1627480397.749456,0.0,0.0
1627480397.7544732,0.0,0.0
1627480397.7759042,0.0,0.0
1627480397.875861,0.0,0.0
1627480397.8802161,0.0,0.0
1627480397.913714,0.0,0.0
1627480398.0500894,0.0,0.0
1627480398.063747,0.0,0.0
1627480398.0637534,0.0,0.0
1627480398.06516,0.0,0.0
1627480398.2209928,0.0,0.0
1627480398.2300577,0.0,0.0
1627480398.2300649,0.0,0.0
1627480398.2300935,0.0,0.0
1627480398.2301,0.0,0.0
1627480398.3911617,0.0,0.0
1627480398.3980734,0.0,0.0
1627480398.398077,0.0,0.0
1627480398.3981104,0.0,0.0
1627480398.4009995,0.0,0.0
1627480398.5536184,0.0,0.0
1627480398.560031,0.0,0.0
1627480398.560041,0.0,0.0
1627480398.5863914,0.0,0.0
1627480398.6517637,0.0,0.0
1627480398.6589859,0.0,0.0
1627480398.679824,0.0,0.0
1627480398.8242357,0.0,0.0
1627480398.8430789,0.0,0.0
1627480398.843085,0.0,0.0
1627480398.8442051,0.0,0.0
1627480398.8539212,0.0,0.0
1627480398.9977713,0.0,0.0
1627480399.0078259,0.0,0.0
1627480399.0078309,0.0,0.0
1627480399.019765,0.0,0.0
1627480399.1696682,0.0,0.0
1627480399.173606,0.0,0.0
1627480399.1736178,0.0,0.0
1627480399.1736293,0.0,0.0
1627480399.2047768,0.0,0.0
1627480399.3063056,0.0,0.0
1627480399.3104966,0.0,0.0
1627480399.3145208,0.0,0.0
1627480399.3350272,0.0,0.0
1627480399.479844,0.0,0.0
1627480399.4845846,0.0,0.0
1627480399.4845924,0.0,0.0
1627480399.486552,0.0,0.0
1627480399.6505609,0.0,0.0
1627480399.6595392,0.0,0.0
1627480399.6595614,0.0,0.0
1627480399.659584,0.0,0.0
1627480399.6642845,0.0,0.0
1627480399.8237433,0.0,0.0
1627480399.8315735,0.0,0.0
1627480399.8315766,0.0,0.0
1627480399.8315794,0.0,0.0
1627480399.8605566,0.0,0.0
1627480399.99821,0.0,0.0
1627480400.0110984,0.0,0.0
1627480400.011121,0.0,0.0
1627480400.011145,0.0,0.0
1627480400.1699126,0.0,0.0
1627480400.17632,0.0,0.0
1627480400.1763263,0.0,0.0
1627480400.1763306,0.0,0.0
1627480400.1790037,0.0,0.0
1627480400.3433242,0.0,0.0
1627480400.3524036,0.0,0.0
1627480400.3524098,0.0,0.0
1627480400.352415,0.0,0.0
1627480400.3549852,0.0,0.0
1627480400.5155296,0.0,0.0
1627480400.520469,0.0,0.0
1627480400.5204952,0.0,0.0
1627480400.5205057,0.0,0.0
1627480400.5522654,0.0,0.0
1627480400.6502059,0.0,0.0
1627480400.6548374,0.0,0.0
1627480400.6548471,0.0,0.0
1627480400.7849085,0.0,0.0
1627480400.795489,0.0,0.0
1627480400.795495,0.0,0.0
1627480400.8100886,0.0,0.0
1627480400.8774488,0.0,0.0
1627480400.884577,0.0,0.0
1627480400.9323132,0.0,0.0
1627480400.954833,0.0,0.0
1627480401.0054667,0.0,0.0
1627480401.0213625,0.0,0.0
1627480401.0704248,0.0,0.0
1627480401.1098728,0.0,0.0
1627480401.1589596,0.0,0.0
1627480401.1795788,0.0,0.0
1627480401.227955,0.0,0.0
1627480401.2579937,0.0,0.0
1627480401.3073204,0.0,0.0
1627480401.3321958,0.0,0.0
1627480401.3822334,0.0,0.0
1627480401.4261599,0.0,0.0
1627480401.4453876,0.0,0.0
1627480401.4895873,0.0,0.0
1627480401.5090506,0.0,0.0
1627480401.558043,0.0,0.0
1627480401.6017056,0.0,0.0
1627480401.6271262,0.0,0.0
1627480401.6709843,0.0,0.0
1627480401.6857567,0.0,0.0
1627480401.7340288,0.0,0.0
1627480401.7740166,0.0,0.0
1627480401.7946763,0.0,0.0
1627480401.844063,0.0,0.0
1627480401.8881745,0.0,0.0
1627480401.9095058,0.0,0.0
1627480401.9492419,0.0,0.0
1627480401.974936,0.0,0.0
1627480402.0238183,0.0,0.0
1627480402.0630982,0.0,0.0
1627480402.0880053,0.0,0.0
1627480402.1316257,0.0,0.0
1627480402.1537786,0.0,0.0
1627480402.2008934,0.0,0.0
1627480402.2260349,0.0,0.0
1627480402.273879,0.0,0.0
1627480402.3139951,0.0,0.0
1627480402.334208,0.0,0.0
1627480402.3832557,0.0,0.0
1627480402.4079728,0.0,0.0
1627480402.45771,0.0,0.0
1627480402.4970849,0.0,0.0
1627480402.5219114,0.0,0.0
1627480402.5667703,0.0,0.0
1627480402.5870643,0.0,0.0
1627480402.6361575,0.0,0.0
1627480402.680191,0.0,0.0
1627480402.695729,0.0,0.0
1627480402.745229,0.0,0.0
1627480402.7706914,0.0,0.0
1627480402.8192086,0.0,0.0
1627480402.8595161,0.0,0.0
1627480402.8849797,0.0,0.0
1627480402.936267,0.0,0.0
1627480402.958554,0.0,0.0
1627480403.0016088,0.0,0.0
1627480403.025878,0.0,0.0
1627480403.0709321,0.0,0.0
1627480403.1190414,0.0,0.0
1627480403.1359732,0.0,0.0
1627480403.1781108,0.0,0.0
1627480403.213681,0.0,0.0
1627480403.2595282,0.0,0.0
1627480403.3093662,0.0,0.0
1627480403.3249114,0.0,0.0
