time,v,omega
1627303474.7412524,0.0,0.0
1627303474.761483,0.0,0.0
1627303474.8120315,0.0,0.0
1627303474.845381,0.0,0.0
1627303474.8954968,0.0,0.0
1627303474.916426,0.0,0.0
1627303474.9673529,0.0,0.0
1627303475.0243845,0.0,0.0
1627303475.040084,0.0,0.0
1627303475.0906537,0.0,0.0
1627303475.1061175,0.0,0.0
1627303475.157034,0.0,0.0
1627303475.1845016,0.0,0.0
1627303475.236848,0.0,0.0
1627303475.2825375,0.0,0.0
1627303475.298059,0.0,0.0
1627303475.360824,0.0,0.0
1627303475.3817835,0.0,0.0
1627303475.4324758,0.0,0.0
1627303475.457705,0.0,0.0
1627303475.5111763,0.0,0.0
1627303475.5587842,0.0,0.0
1627303475.5738425,0.0,0.0
1627303475.6262429,0.0,0.0
1627303475.6425376,0.0,0.0
1627303475.6928906,0.0,0.0
1627303475.7403426,0.0,0.0
1627303475.7552516,0.0,0.0
1627303475.805898,0.0,0.0
1627303475.821878,0.0,0.0
1627303475.872235,0.0,0.0
1627303475.9153185,0.0,0.0
1627303475.966603,0.0,0.0
1627303475.9933324,0.0,0.0
1627303476.0455773,0.0,0.0
1627303476.0922067,0.0,0.0
1627303476.1117535,0.0,0.0
1627303476.163175,0.0,0.0
1627303476.1838107,0.0,0.0
1627303476.2379386,0.0,0.0
1627303476.285061,0.0,0.0
1627303476.3009923,0.0,0.0
1627303476.3551507,0.0,0.0
1627303476.3712595,0.0,0.0
1627303476.4232488,0.0,0.0
1627303476.471704,0.0,0.0
1627303476.5225654,0.0,0.0
1627303476.5701067,0.0,0.0
1627303476.6223645,0.0,0.0
1627303476.6697617,0.0,0.0
1627303476.68461,0.0,0.0
1627303476.7355127,0.0,0.0
1627303476.7519214,0.0,0.0
1627303476.8036458,0.0,0.0
1627303476.8488462,0.0,0.0
1627303476.8994827,0.0,0.0
1627303476.943946,0.0,0.0
1627303476.9592798,0.0,0.0
1627303477.0104942,0.0,0.0
1627303477.0305808,0.0,0.0
1627303477.0765646,0.0,0.0
1627303477.1534915,0.0,0.0
1627303477.1794343,0.0,0.0
1627303477.230078,0.0,0.0
1627303477.2553585,0.0,0.0
1627303477.2990239,0.0,0.0
1627303477.3464904,0.0,0.0
1627303477.3665073,0.0,0.0
1627303477.416931,0.0,0.0
1627303477.4421766,0.0,0.0
1627303477.4928553,0.0,0.0
1627303477.538108,0.0,0.0
1627303477.5535514,0.0,0.0
1627303477.6044943,0.0,0.0
1627303477.6240532,0.0,0.0
1627303477.6736193,0.0,0.0
1627303477.7205288,0.0,0.0
1627303477.7706375,0.0,0.0
1627303477.8159022,0.0,0.0
1627303477.8668623,0.0,0.0
1627303477.9119787,0.0,0.0
1627303477.9319122,0.0,0.0
1627303477.977424,0.0,0.0
1627303477.997769,0.0,0.0
1627303478.0489583,0.0,0.0
1627303478.0795672,0.0,0.0
1627303478.130292,0.0,0.0
1627303478.1554794,0.0,0.0
1627303478.2065742,0.0,0.0
1627303478.2512655,0.0,0.0
1627303478.301711,0.0,0.0
1627303478.349916,0.0,0.0
1627303478.3698645,0.0,0.0
1627303478.414889,0.0,0.0
1627303478.430055,0.0,0.0
1627303478.480477,0.0,0.0
1627303478.5220425,0.0,0.0
1627303478.5723393,0.0,0.0
1627303478.5977051,0.0,0.0
1627303478.648896,0.0,0.0
1627303478.6934214,0.0,0.0
1627303478.7083168,0.0,0.0
1627303478.7580554,0.0,0.0
1627303478.7965434,0.0,0.0
1627303478.8463438,0.0,0.0
1627303478.8910859,0.0,0.0
1627303478.911407,0.0,0.0
1627303478.9571416,0.0,0.0
1627303478.9783208,0.0,0.0
1627303479.0288885,0.0,0.0
1627303479.0745034,0.0,0.0
1627303479.090033,0.0,0.0
1627303479.1410847,0.0,0.0
1627303479.1618867,0.0,0.0
1627303479.2131362,0.0,0.0
1627303479.2582676,0.0,0.0
1627303479.3096242,0.0,0.0
1627303479.3573127,0.0,0.0
1627303479.4096055,0.0,0.0
1627303479.4551044,0.0,0.0
1627303479.5058875,0.0,0.0
1627303479.5515501,0.0,0.0
1627303479.5719361,0.0,0.0
1627303479.6168976,0.0,0.0
1627303479.6315653,0.0,0.0
1627303479.6802614,0.0,0.0
1627303479.724281,0.0,0.0
1627303479.7460759,0.0,0.0
1627303479.7877629,0.0,0.0
1627303479.807706,0.0,0.0
1627303479.85594,0.0,0.0
1627303479.9001343,0.0,0.0
1627303479.9487278,0.0,0.0
1627303479.9941175,0.0,0.0
1627303480.012686,0.0,0.0
1627303480.0594022,0.0,0.0
1627303480.1032536,0.0,0.0
1627303480.1518285,0.0,0.0
1627303480.1948757,0.0,0.0
1627303480.2176623,0.0,0.0
1627303480.2599602,0.0,0.0
1627303480.2848816,0.0,0.0
1627303480.3357477,0.0,0.0
1627303480.379919,0.0,0.0
1627303480.429448,0.0,0.0
1627303480.4729462,0.0,0.0
1627303480.4883392,0.0,0.0
1627303480.5376432,0.0,0.0
1627303480.5778472,0.0,0.0
1627303480.6268747,0.0,0.0
1627303480.6707652,0.0,0.0
1627303480.6858275,0.0,0.0
1627303480.7346299,0.0,0.0
1627303480.7545087,0.0,0.0
1627303480.8029654,0.0,0.0
1627303480.8464112,0.0,0.0
1627303480.868128,0.0,0.0
1627303480.915695,0.0,0.0
1627303480.9369533,0.0,0.0
1627303480.9841127,0.0,0.0
1627303481.0330637,0.0,0.0
1627303481.081765,0.0,0.0
1627303481.1022503,0.0,0.0
1627303481.1512525,0.0,0.0
1627303481.1760828,0.0,0.0
1627303481.2261703,0.0,0.0
1627303481.271657,0.0,0.0
1627303481.2866435,0.0,0.0
1627303481.339696,0.0,0.0
1627303481.3590043,0.0,0.0
1627303481.407548,0.0,0.0
1627303481.4438162,0.0,0.0
1627303481.5288115,0.0,0.0
1627303481.5691814,0.0,0.0
1627303481.6196067,0.0,0.0
1627303481.6492422,0.0,0.0
1627303481.6996524,0.0,0.0
1627303481.720825,0.0,0.0
1627303481.7699208,0.0,0.0
1627303481.7949128,0.0,0.0
1627303481.8437088,0.0,0.0
1627303481.887115,0.0,0.0
1627303481.9352398,0.0,0.0
1627303481.978787,0.0,0.0
1627303481.9984472,0.0,0.0
1627303482.0480945,0.0,0.0
1627303482.0630133,0.0,0.0
1627303482.111809,0.0,0.0
1627303482.156349,0.0,0.0
1627303482.1717453,0.0,0.0
1627303482.2213995,0.0,0.0
1627303482.2510223,0.0,0.0
1627303482.331764,0.0,0.0
1627303482.3734243,0.0,0.0
1627303482.424318,0.0,0.0
1627303482.449215,0.0,0.0
1627303482.497889,0.0,0.0
1627303482.54327,0.0,0.0
1627303482.5581007,0.0,0.0
1627303482.6064374,0.0,0.0
1627303482.6317084,0.0,0.0
1627303482.679226,0.0,0.0
1627303482.723456,0.0,0.0
1627303482.7404318,0.0,0.0
1627303482.7900262,0.0,0.0
1627303482.8094182,0.0,0.0
1627303482.8589513,0.0,0.0
1627303482.9029648,0.0,0.0
1627303482.9175584,0.0,0.0
1627303482.9666576,0.0,0.0
1627303483.0042512,0.0,0.0
1627303483.0527725,0.0,0.0
1627303483.09602,0.0,0.0
1627303483.1154504,0.0,0.0
1627303483.1639776,0.0,0.0
1627303483.1792777,0.0,0.0
1627303483.2286704,0.0,0.0
1627303483.2709122,0.0,0.0
1627303483.2911952,0.0,0.0
1627303483.3345277,0.0,0.0
1627303483.35419,0.0,0.0
1627303483.4051867,0.0,0.0
1627303483.4499025,0.0,0.0
1627303483.4656067,0.0,0.0
1627303483.5140586,0.0,0.0
1627303483.5590253,0.0,0.0
1627303483.6073368,0.0,0.0
1627303483.6510346,0.0,0.0
1627303483.6699002,0.0,0.0
1627303483.7181756,0.0,0.0
1627303483.7384408,0.0,0.0
1627303483.7872574,0.0,0.0
1627303483.832433,0.0,0.0
1627303483.8521948,0.0,0.0
1627303483.898252,0.0,0.0
1627303483.917249,0.0,0.0
1627303483.965905,0.0,0.0
1627303484.0113883,0.0,0.0
1627303484.0280979,0.0,0.0
1627303484.0758696,0.0,0.0
1627303484.1153462,0.0,0.0
1627303484.162526,0.0,0.0
1627303484.1825266,0.0,0.0
1627303484.2317426,0.0,0.0
1627303484.256012,0.0,0.0
1627303484.3052642,0.0,0.0
1627303484.3488035,0.0,0.0
1627303484.3737926,0.0,0.0
1627303484.424058,0.0,0.0
1627303484.4438705,0.0,0.0
1627303484.4938412,0.0,0.0
1627303484.5193677,0.0,0.0
1627303484.5694864,0.0,0.0
1627303484.6200602,0.0,0.0
1627303484.669955,0.0,0.0
1627303484.7214499,0.0,0.0
1627303484.771733,0.0,0.0
1627303484.817854,0.0,0.0
1627303484.870312,0.0,0.0
1627303484.9244761,0.0,0.0
1627303484.9793723,0.0,0.0
1627303485.0059845,0.0,0.0
1627303485.0597174,0.0,0.0
1627303485.0808928,0.0,0.0
1627303485.1336844,0.0,0.0
1627303485.2107706,0.0,0.0
1627303485.2818735,0.0,0.0
1627303485.312226,0.0,0.0
1627303485.3662448,0.0,0.0
1627303485.394568,0.0,0.0
1627303485.453267,0.0,0.0
1627303485.475018,0.0,0.0
1627303485.5238953,0.0,0.0
1627303485.5488715,0.0,0.0
1627303485.5974221,0.0,0.0
1627303485.6411169,0.0,0.0
1627303485.6612673,0.0,0.0
1627303485.7050695,0.0,0.0
1627303485.7254035,0.0,0.0
1627303485.773929,0.0,0.0
1627303485.7993085,0.0,0.0
1627303485.8481445,0.0,0.0
1627303485.893763,0.0,0.0
1627303485.9087696,0.0,0.0
1627303485.9569042,0.0,0.0
1627303485.995614,0.0,0.0
1627303486.0753624,0.0,0.0
1627303486.1008103,0.0,0.0
1627303486.1508777,0.0,0.0
1627303486.1960046,0.0,0.0
1627303486.2119057,0.0,0.0
1627303486.2637408,0.0,0.0
1627303486.2839653,0.0,0.0
1627303486.3346143,0.0,0.0
1627303486.3810563,0.0,0.0
1627303486.3966625,0.0,0.0
1627303486.4508238,0.0,0.0
1627303486.4720554,0.0,0.0
1627303486.5231998,0.0,0.0
1627303486.5687432,0.0,0.0
1627303486.6179154,0.0,0.0
1627303486.6627607,0.0,0.0
1627303486.6847916,0.0,0.0
1627303486.7295825,0.0,0.0
1627303486.754682,0.0,0.0
1627303486.8017802,0.0,0.0
1627303486.8408382,0.0,0.0
1627303486.8883834,0.0,0.0
1627303486.931501,0.0,0.0
1627303486.9516935,0.0,0.0
1627303486.995265,0.0,0.0
1627303487.016598,0.0,0.0
1627303487.0678506,0.0,0.0
1627303487.1136835,0.0,0.0
1627303487.1283264,0.0,0.0
1627303487.1786623,0.0,0.0
1627303487.198185,0.0,0.0
1627303487.2461922,0.0,0.0
1627303487.2893453,0.0,0.0
1627303487.3092322,0.0,0.0
1627303487.3520446,0.0,0.0
1627303487.376715,0.0,0.0
1627303487.4271994,0.0,0.0
1627303487.4704401,0.0,0.0
1627303487.490199,0.0,0.0
1627303487.5341086,0.0,0.0
1627303487.5537758,0.0,0.0
1627303487.6039639,0.0,0.0
1627303487.64798,0.0,0.0
1627303487.66343,0.0,0.0
1627303487.7102377,0.0,0.0
1627303487.747391,0.0,0.0
1627303487.794324,0.0,0.0
1627303487.841226,0.0,0.0
1627303487.8562777,0.0,0.0
1627303487.903292,0.0,0.0
1627303487.929687,0.0,0.0
1627303487.977662,0.0,0.0
1627303488.0225081,0.0,0.0
1627303488.0536351,0.0,0.0
1627303488.0982327,0.0,0.0
1627303488.1133375,0.0,0.0
1627303488.163245,0.0,0.0
1627303488.2027874,0.0,0.0
1627303488.250636,0.0,0.0
1627303488.2702813,0.0,0.0
1627303488.3181834,0.0,0.0
1627303488.3623717,0.0,0.0
1627303488.41684,0.0,0.0
1627303488.4623003,0.0,0.0
1627303488.511796,0.0,0.0
1627303488.5605478,0.0,0.0
1627303488.607967,0.0,0.0
1627303488.6579661,0.0,0.0
1627303488.706551,0.0,0.0
1627303488.7501848,0.0,0.0
1627303488.7756102,0.0,0.0
1627303488.814198,0.0,0.0
1627303488.8399148,0.0,0.0
1627303488.8881805,0.0,0.0
1627303488.931783,0.0,0.0
1627303488.9532733,0.0,0.0
1627303488.997071,0.0,0.0
1627303489.017438,0.0,0.0
1627303489.0676384,0.0,0.0
1627303489.0921266,0.0,0.0
1627303489.1397638,0.0,0.0
1627303489.182681,0.0,0.0
1627303489.2317243,0.0,0.0
1627303489.277765,0.0,0.0
1627303489.2945454,0.0,0.0
1627303489.3417425,0.0,0.0
1627303489.3795934,0.0,0.0
1627303489.4311204,0.0,0.0
1627303489.4770892,0.0,0.0
1627303489.4929228,0.0,0.0
1627303489.5427494,0.0,0.0
1627303489.566349,0.0,0.0
1627303489.6167347,0.0,0.0
1627303489.6624875,0.0,0.0
1627303489.6772485,0.0,0.0
1627303489.724669,0.0,0.0
1627303489.763844,0.0,0.0
1627303489.8108225,0.0,0.0
1627303489.8547,0.0,0.0
1627303489.8698833,0.0,0.0
1627303489.9179292,0.0,0.0
1627303489.9540854,0.0,0.0
1627303490.0018816,0.0,0.0
1627303490.0458953,0.0,0.0
1627303490.0676217,0.0,0.0
1627303490.1159263,0.0,0.0
1627303490.1317189,0.0,0.0
1627303490.1791658,0.0,0.0
1627303490.2109075,0.0,0.0
1627303490.2633758,0.0,0.0
1627303490.3096914,0.0,0.0
1627303490.3279796,0.0,0.0
1627303490.3778992,0.0,0.0
1627303490.4223235,0.0,0.0
1627303490.4728,0.0,0.0
1627303490.5163872,0.0,0.0
1627303490.5320542,0.0,0.0
1627303490.5796883,0.0,0.0
1627303490.6210287,0.0,0.0
1627303490.6691635,0.0,0.0
1627303490.7109807,0.0,0.0
1627303490.7597392,0.0,0.0
1627303490.7836442,0.0,0.0
1627303490.8345668,0.0,0.0
1627303490.8810148,0.0,0.0
1627303490.8958793,0.0,0.0
1627303490.943426,0.0,0.0
1627303490.9772658,0.0,0.0
1627303491.024213,0.0,0.0
1627303491.0670574,0.0,0.0
1627303491.082792,0.0,0.0
1627303491.1299598,0.0,0.0
1627303491.172216,0.0,0.0
1627303491.1869693,0.0,0.0
1627303491.236676,0.0,0.0
1627303491.2618623,0.0,0.0
1627303491.3101509,0.0,0.0
1627303491.353337,0.0,0.0
1627303491.3729255,0.0,0.0
1627303491.4206176,0.0,0.0
1627303491.434659,0.0,0.0
1627303491.485632,0.0,0.0
1627303491.530629,0.0,0.0
1627303491.545443,0.0,0.0
1627303491.5946984,0.0,0.0
1627303491.61477,0.0,0.0
1627303491.6642377,0.0,0.0
1627303491.7116878,0.0,0.0
1627303491.7623222,0.0,0.0
1627303491.8117871,0.0,0.0
1627303491.827436,0.0,0.0
1627303491.8777907,0.0,0.0
1627303491.918241,0.0,0.0
1627303491.9656205,0.0,0.0
1627303491.9920073,0.0,0.0
1627303492.0405018,0.0,0.0
1627303492.0879507,0.0,0.0
1627303492.134869,0.0,0.0
1627303492.1845531,0.0,0.0
1627303492.2321053,0.0,0.0
1627303492.2815006,0.0,0.0
1627303492.3282652,0.0,0.0
1627303492.3718777,0.0,0.0
1627303492.4008203,0.0,0.0
1627303492.439382,0.0,0.0
1627303492.458569,0.0,0.0
1627303492.5086806,0.0,0.0
1627303492.5348198,0.0,0.0
1627303492.5822456,0.0,0.0
1627303492.6251507,0.0,0.0
1627303492.6491785,0.0,0.0
1627303492.6975515,0.0,0.0
1627303492.716906,0.0,0.0
1627303492.7641273,0.0,0.0
1627303492.7887514,0.0,0.0
1627303492.8357105,0.0,0.0
1627303492.881026,0.0,0.0
1627303492.9017673,0.0,0.0
1627303492.9408498,0.0,0.0
1627303492.9846213,0.0,0.0
1627303493.0333302,0.0,0.0
1627303493.0494332,0.0,0.0
1627303493.0986145,0.0,0.0
1627303493.1454237,0.0,0.0
1627303493.1611817,0.0,0.0
1627303493.2095113,0.0,0.0
1627303493.2251248,0.0,0.0
1627303493.274463,0.0,0.0
1627303493.3185868,0.0,0.0
1627303493.338325,0.0,0.0
1627303493.3862145,0.0,0.0
1627303493.4011133,0.0,0.0
1627303493.4508007,0.0,0.0
1627303493.5047655,0.0,0.0
1627303493.5214918,0.0,0.0
1627303493.5748415,0.0,0.0
1627303493.5967226,0.0,0.0
1627303493.6478295,0.0,0.0
1627303493.6975002,0.0,0.0
1627303493.747458,0.0,0.0
1627303493.7944942,0.0,0.0
1627303493.8717778,0.0,0.0
1627303493.9399147,0.0,0.0
1627303493.956151,0.0,0.0
1627303494.0070934,0.0,0.0
1627303494.0228899,0.0,0.0
1627303494.073313,0.0,0.0
1627303494.11455,0.0,0.0
1627303494.1623883,0.0,0.0
1627303494.2027342,0.0,0.0
1627303494.2493653,0.0,0.0
1627303494.2931557,0.0,0.0
1627303494.3128207,0.0,0.0
1627303494.3559427,0.0,0.0
1627303494.376042,0.0,0.0
1627303494.4243433,0.0,0.0
1627303494.4696531,0.0,0.0
1627303494.4846425,0.0,0.0
1627303494.5346582,0.0,0.0
1627303494.5746727,0.0,0.0
1627303494.6233366,0.0,0.0
1627303494.6679993,0.0,0.0
1627303494.6823697,0.0,0.0
1627303494.7304945,0.0,0.0
1627303494.7512589,0.0,0.0
1627303494.8015895,0.0,0.0
1627303494.84782,0.0,0.0
1627303494.8651958,0.0,0.0
1627303494.9161632,0.0,0.0
1627303494.9551504,0.0,0.0
1627303495.0044851,0.0,0.0
1627303495.0489733,0.0,0.0
1627303495.0980618,0.0,0.0
1627303495.141715,0.0,0.0
1627303495.163184,0.0,0.0
1627303495.2158842,0.0,0.0
1627303495.2424738,0.0,0.0
1627303495.2955966,0.0,0.0
1627303495.3459487,0.0,0.0
1627303495.3949034,0.0,0.0
1627303495.4452763,0.0,0.0
1627303495.4937122,0.0,0.0
1627303495.545893,0.0,0.0
1627303495.5941339,0.0,0.0
1627303495.6196153,0.0,0.0
1627303495.670108,0.0,0.0
1627303495.7194278,0.0,0.0
1627303495.7724555,0.0,0.0
1627303495.8237703,0.0,0.0
1627303495.8759031,0.0,0.0
1627303495.9062397,0.0,0.0
1627303495.9598775,0.0,0.0
1627303495.989043,0.0,0.0
1627303496.0531843,0.0,0.0
1627303496.0880218,0.0,0.0
1627303496.161357,0.0,0.0
1627303496.1883008,0.0,0.0
1627303496.2402997,0.0,0.0
1627303496.2623334,0.0,0.0
1627303496.3153865,0.0,0.0
1627303496.3638272,0.0,0.0
1627303496.416705,0.0,0.0
1627303496.4649785,0.0,0.0
1627303496.485176,0.0,0.0
1627303496.5351248,0.0,0.0
1627303496.5550835,0.0,0.0
1627303496.6031609,0.0,0.0
1627303496.6256618,0.0,0.0
1627303496.6764843,0.0,0.0
1627303496.720594,0.0,0.0
1627303496.7368867,0.0,0.0
1627303496.7817752,0.0,0.0
1627303496.8061862,0.0,0.0
1627303496.866771,0.0,0.0
1627303496.9444485,0.0,0.0
1627303496.960284,0.0,0.0
1627303497.011793,0.0,0.0
1627303497.0369327,0.0,0.0
1627303497.0856721,0.0,0.0
1627303497.128749,0.0,0.0
1627303497.1772876,0.0,0.0
1627303497.2209632,0.0,0.0
1627303497.2359862,0.0,0.0
1627303497.2855725,0.0,0.0
1627303497.3219,0.0,0.0
1627303497.3700838,0.0,0.0
1627303497.4139175,0.0,0.0
1627303497.4290822,0.0,0.0
1627303497.4785519,0.0,0.0
1627303497.524212,0.0,0.0
1627303497.5730472,0.0,0.0
1627303497.6165276,0.0,0.0
1627303497.63183,0.0,0.0
1627303497.68053,0.0,0.0
1627303497.7054427,0.0,0.0
1627303497.754363,0.0,0.0
1627303497.7973742,0.0,0.0
1627303497.8122947,0.0,0.0
1627303497.8605065,0.0,0.0
1627303497.8869166,0.0,0.0
1627303497.9354696,0.0,0.0
1627303497.978635,0.0,0.0
1627303498.0264924,0.0,0.0
1627303498.0695775,0.0,0.0
1627303498.0852365,0.0,0.0
1627303498.1326194,0.0,0.0
1627303498.1725972,0.0,0.0
1627303498.2210324,0.0,0.0
1627303498.2644613,0.0,0.0
1627303498.2793918,0.0,0.0
1627303498.3268502,0.0,0.0
1627303498.3470829,0.0,0.0
1627303498.3953974,0.0,0.0
1627303498.4385324,0.0,0.0
1627303498.4543715,0.0,0.0
1627303498.5032504,0.0,0.0
1627303498.5423157,0.0,0.0
1627303498.5902905,0.0,0.0
1627303498.6341772,0.0,0.0
1627303498.6824338,0.0,0.0
1627303498.7299476,0.0,0.0
1627303498.7778566,0.0,0.0
1627303498.825411,0.0,0.0
1627303498.8398802,0.0,0.0
1627303498.888749,0.0,0.0
1627303498.9364018,0.0,0.0
1627303498.9851902,0.0,0.0
1627303499.0326989,0.0,0.0
1627303499.047695,0.0,0.0
1627303499.0973837,0.0,0.0
1627303499.136958,0.0,0.0
1627303499.185717,0.0,0.0
1627303499.2294767,0.0,0.0
1627303499.2774563,0.0,0.0
1627303499.3249912,0.0,0.0
1627303499.3402927,0.0,0.0
1627303499.3887048,0.0,0.0
1627303499.431694,0.0,0.0
1627303499.4817834,0.0,0.0
1627303499.504679,0.0,0.0
1627303499.5552104,0.0,0.0
1627303499.579759,0.0,0.0
1627303499.6276257,0.0,0.0
1627303499.6516104,0.0,0.0
1627303499.7003956,0.0,0.0
1627303499.7492495,0.0,0.0
1627303499.7968266,0.0,0.0
1627303499.8363142,0.0,0.0
1627303499.8797092,0.0,0.0
1627303499.9281633,0.0,0.0
1627303499.9435215,0.0,0.0
1627303499.9917731,0.0,0.0
1627303500.0356271,0.0,0.0
1627303500.0848308,0.0,0.0
1627303500.1046257,0.0,0.0
1627303500.153371,0.0,0.0
1627303500.1784456,0.0,0.0
1627303500.2266283,0.0,0.0
1627303500.2707741,0.0,0.0
1627303500.2909775,0.0,0.0
1627303500.329924,0.0,0.0
1627303500.3565211,0.0,0.0
1627303500.4055269,0.0,0.0
1627303500.4502745,0.0,0.0
1627303500.4698896,0.0,0.0
1627303500.514077,0.0,0.0
1627303500.5341733,0.0,0.0
1627303500.5840774,0.0,0.0
1627303500.608833,0.0,0.0
1627303500.6574032,0.0,0.0
1627303500.7006545,0.0,0.0
1627303500.7210634,0.0,0.0
1627303500.7699633,0.0,0.0
1627303500.7903,0.0,0.0
1627303500.8389273,0.0,0.0
1627303500.882803,0.0,0.0
1627303500.8984306,0.0,0.0
1627303500.9464931,0.0,0.0
1627303500.9719448,0.0,0.0
1627303501.020614,0.0,0.0
1627303501.0640395,0.0,0.0
1627303501.0839036,0.0,0.0
1627303501.1335444,0.0,0.0
1627303501.1480029,0.0,0.0
1627303501.1963253,0.0,0.0
1627303501.2395713,0.0,0.0
1627303501.2594137,0.0,0.0
1627303501.3076985,0.0,0.0
1627303501.3273895,0.0,0.0
1627303501.3763154,0.0,0.0
1627303501.4197626,0.0,0.0
1627303501.434836,0.0,0.0
1627303501.4838245,0.0,0.0
1627303501.5263238,0.0,0.0
1627303501.5463212,0.0,0.0
1627303501.5915859,0.0,0.0
1627303501.6160517,0.0,0.0
1627303501.663866,0.0,0.0
1627303501.708062,0.0,0.0
1627303501.727455,0.0,0.0
1627303501.7712655,0.0,0.0
1627303501.7974796,0.0,0.0
1627303501.8455186,0.0,0.0
1627303501.894704,0.0,0.0
1627303501.909309,0.0,0.0
1627303501.9577801,0.0,0.0
1627303501.9729948,0.0,0.0
1627303502.0207872,0.0,0.0
1627303502.061536,0.0,0.0
1627303502.1100008,0.0,0.0
1627303502.1534107,0.0,0.0
1627303502.1773152,0.0,0.0
1627303502.2204971,0.0,0.0
1627303502.2355433,0.0,0.0
1627303502.2842891,0.0,0.0
1627303502.32819,0.0,0.0
1627303502.3765655,0.0,0.0
1627303502.4247422,0.0,0.0
1627303502.4401073,0.0,0.0
1627303502.4889982,0.0,0.0
1627303502.5341506,0.0,0.0
1627303502.585199,0.0,0.0
1627303502.605346,0.0,0.0
1627303502.6545725,0.0,0.0
1627303502.6802125,0.0,0.0
1627303502.7295477,0.0,0.0
1627303502.7785408,0.0,0.0
1627303502.8266697,0.0,0.0
1627303502.8515604,0.0,0.0
1627303502.9009554,0.0,0.0
1627303502.948689,0.0,0.0
1627303502.99683,0.0,0.0
1627303503.048432,0.0,0.0
1627303503.0959682,0.0,0.0
1627303503.1429656,0.0,0.0
1627303503.1939135,0.0,0.0
1627303503.2142305,0.0,0.0
1627303503.2643452,0.0,0.0
1627303503.310227,0.0,0.0
1627303503.360703,0.0,0.0
1627303503.411691,0.0,0.0
1627303503.4627328,0.0,0.0
1627303503.5093124,0.0,0.0
1627303503.5615733,0.0,0.0
1627303503.6115248,0.0,0.0
1627303503.6622827,0.0,0.0
1627303503.692712,0.0,0.0
1627303503.7431784,0.0,0.0
1627303503.7636023,0.0,0.0
1627303503.8138056,0.0,0.0
1627303503.838316,0.0,0.0
1627303503.8908064,0.0,0.0
1627303503.9397564,0.0,0.0
1627303503.9599762,0.0,0.0
1627303504.0166287,0.0,0.0
1627303504.0648026,0.0,0.0
1627303504.128321,0.0,0.0
1627303504.1492252,0.0,0.0
1627303504.1993697,0.0,0.0
1627303504.244801,0.0,0.0
1627303504.2977827,0.0,0.0
1627303504.3418317,0.0,0.0
1627303504.3584323,0.0,0.0
1627303504.4076939,0.0,0.0
1627303504.4490197,0.0,0.0
1627303504.5000706,0.0,0.0
1627303504.5258365,0.0,0.0
1627303504.5785959,0.0,0.0
1627303504.6242821,0.0,0.0
1627303504.6736426,0.0,0.0
1627303504.7205055,0.0,0.0
1627303504.7405188,0.0,0.0
1627303504.7809222,0.0,0.0
1627303504.8061137,0.0,0.0
1627303504.8563218,0.0,0.0
1627303504.902925,0.0,0.0
1627303504.918633,0.0,0.0
1627303504.9694242,0.0,0.0
1627303504.9897513,0.0,0.0
1627303505.0392284,0.0,0.0
1627303505.0850592,0.0,0.0
1627303505.100975,0.0,0.0
1627303505.1500835,0.0,0.0
1627303505.1756544,0.0,0.0
1627303505.2258492,0.0,0.0
1627303505.2720098,0.0,0.0
1627303505.2924232,0.0,0.0
1627303505.3377793,0.0,0.0
1627303505.3584678,0.0,0.0
1627303505.411017,0.0,0.0
1627303505.4554534,0.0,0.0
1627303505.4712136,0.0,0.0
1627303505.5217562,0.0,0.0
1627303505.5422647,0.0,0.0
1627303505.594797,0.0,0.0
1627303505.6395922,0.0,0.0
1627303505.6894827,0.0,0.0
1627303505.7388651,0.0,0.0
1627303505.7895832,0.0,0.0
1627303505.840302,0.0,0.0
1627303505.8904557,0.0,0.0
1627303505.942063,0.0,0.0
1627303505.9922912,0.0,0.0
1627303506.043513,0.0,0.0
1627303506.0942454,0.0,0.0
1627303506.1357563,0.0,0.0
1627303506.1864579,0.0,0.0
1627303506.2275298,0.0,0.0
1627303506.2776146,0.0,0.0
1627303506.3241003,0.0,0.0
1627303506.3750985,0.0,0.0
1627303506.3960376,0.0,0.0
1627303506.446069,0.0,0.0
1627303506.4712846,0.0,0.0
1627303506.5228148,0.0,0.0
1627303506.574074,0.0,0.0
1627303506.627096,0.0,0.0
1627303506.6523685,0.0,0.0
1627303506.704793,0.0,0.0
1627303506.7492344,0.0,0.0
1627303506.7985413,0.0,0.0
1627303506.8239424,0.0,0.0
1627303506.8740885,0.0,0.0
1627303506.9246268,0.0,0.0
1627303506.973864,0.0,0.0
1627303507.0245242,0.0,0.0
1627303507.0752547,0.0,0.0
1627303507.126801,0.0,0.0
1627303507.1775446,0.0,0.0
1627303507.2031004,0.0,0.0
1627303507.2536378,0.0,0.0
1627303507.2997215,0.0,0.0
1627303507.3506632,0.0,0.0
1627303507.4019141,0.0,0.0
1627303507.4510458,0.0,0.0
1627303507.5017228,0.0,0.0
1627303507.5525358,0.0,0.0
1627303507.6032472,0.0,0.0
1627303507.6562698,0.0,0.0
1627303507.7018385,0.0,0.0
1627303507.722716,0.0,0.0
1627303507.768498,0.0,0.0
1627303507.7889473,0.0,0.0
1627303507.8390036,0.0,0.0
1627303507.8926563,0.0,0.0
1627303507.9433641,0.0,0.0
1627303507.9889913,0.0,0.0
1627303508.0094526,0.0,0.0
1627303508.0540404,0.0,0.0
1627303508.0746274,0.0,0.0
1627303508.125719,0.0,0.0
1627303508.171339,0.0,0.0
1627303508.1873507,0.0,0.0
1627303508.2366836,0.0,0.0
1627303508.2565687,0.0,0.0
1627303508.3061683,0.0,0.0
1627303508.352084,0.0,0.0
1627303508.3728557,0.0,0.0
1627303508.419008,0.0,0.0
1627303508.4340255,0.0,0.0
1627303508.4841578,0.0,0.0
1627303508.5304868,0.0,0.0
1627303508.5463803,0.0,0.0
1627303508.5964563,0.0,0.0
1627303508.622272,0.0,0.0
1627303508.6750488,0.0,0.0
1627303508.6955283,0.0,0.0
1627303508.7458644,0.0,0.0
1627303508.7901087,0.0,0.0
1627303508.805547,0.0,0.0
1627303508.8558037,0.0,0.0
1627303508.8761797,0.0,0.0
1627303508.9262075,0.0,0.0
1627303508.9713562,0.0,0.0
1627303508.9867895,0.0,0.0
1627303509.036638,0.0,0.0
1627303509.0627205,0.0,0.0
1627303509.1148386,0.0,0.0
1627303509.1586432,0.0,0.0
1627303509.1747217,0.0,0.0
1627303509.224549,0.0,0.0
1627303509.2399297,0.0,0.0
1627303509.2909791,0.0,0.0
1627303509.3376443,0.0,0.0
1627303509.353097,0.0,0.0
1627303509.4034476,0.0,0.0
1627303509.4239004,0.0,0.0
1627303509.4746609,0.0,0.0
1627303509.5210097,0.0,0.0
1627303509.5710127,0.0,0.0
1627303509.6149673,0.0,0.0
1627303509.6676774,0.0,0.0
1627303509.7121837,0.0,0.0
1627303509.7625225,0.0,0.0
1627303509.8081048,0.0,0.0
1627303509.8283403,0.0,0.0
1627303509.873558,0.0,0.0
1627303509.8884118,0.0,0.0
1627303509.9390075,0.0,0.0
1627303509.984385,0.0,0.0
1627303509.9996614,0.0,0.0
1627303510.0496733,0.0,0.0
1627303510.069449,0.0,0.0
1627303510.119745,0.0,0.0
1627303510.1655264,0.0,0.0
1627303510.180747,0.0,0.0
1627303510.2318246,0.0,0.0
1627303510.252305,0.0,0.0
1627303510.3030446,0.0,0.0
1627303510.3539157,0.0,0.0
1627303510.4052725,0.0,0.0
1627303510.4583662,0.0,0.0
1627303510.5092213,0.0,0.0
1627303510.560527,0.0,0.0
1627303510.6108794,0.0,0.0
1627303510.6565218,0.0,0.0
1627303510.7096617,0.0,0.0
1627303510.7558246,0.0,0.0
1627303510.8062851,0.0,0.0
1627303510.8510523,0.0,0.0
1627303510.8666964,0.0,0.0
1627303510.9175112,0.0,0.0
1627303510.955407,0.0,0.0
1627303511.0071878,0.0,0.0
1627303511.05731,0.0,0.0
1627303511.1078117,0.0,0.0
1627303511.1590765,0.0,0.0
1627303511.210085,0.0,0.0
1627303511.2647345,0.0,0.0
1627303511.3185632,0.0,0.0
1627303511.347074,0.0,0.0
1627303511.4020092,0.0,0.0
1627303511.4234028,0.0,0.0
1627303511.4757564,0.0,0.0
1627303511.5280075,0.0,0.0
1627303511.580208,0.0,0.0
1627303511.6285365,0.0,0.0
1627303511.6797793,0.0,0.0
1627303511.7035503,0.0,0.0
1627303511.7556078,0.0,0.0
1627303511.782687,0.0,0.0
1627303511.8343306,0.0,0.0
1627303511.8815246,0.0,0.0
1627303511.8973854,0.0,0.0
1627303511.9492688,0.0,0.0
1627303511.9662755,0.0,0.0
1627303512.017563,0.0,0.0
1627303512.065319,0.0,0.0
1627303512.0811653,0.0,0.0
1627303512.1340466,0.0,0.0
1627303512.150703,0.0,0.0
1627303512.2016437,0.0,0.0
1627303512.2496755,0.0,0.0
1627303512.2647269,0.0,0.0
1627303512.3169768,0.0,0.0
1627303512.3336072,0.0,0.0
1627303512.3841324,0.0,0.0
1627303512.4275784,0.0,0.0
1627303512.4783657,0.0,0.0
1627303512.509613,0.0,0.0
1627303512.5596771,0.0,0.0
1627303512.5904758,0.0,0.0
1627303512.640993,0.0,0.0
1627303512.6865885,0.0,0.0
1627303512.7413838,0.0,0.0
1627303512.7862437,0.0,0.0
1627303512.8070748,0.0,0.0
1627303512.8567224,0.0,0.0
1627303512.882847,0.0,0.0
1627303512.936328,0.0,0.0
1627303512.9820256,0.0,0.0
1627303513.0343518,0.0,0.0
1627303513.079581,0.0,0.0
1627303513.1319654,0.0,0.0
1627303513.1791317,0.0,0.0
1627303513.1952534,0.0,0.0
1627303513.2450218,0.0,0.0
1627303513.2618268,0.0,0.0
1627303513.3138843,0.0,0.0
1627303513.3633642,0.0,0.0
1627303513.3787837,0.0,0.0
1627303513.4284666,0.0,0.0
1627303513.4437978,0.0,0.0
1627303513.4952233,0.0,0.0
1627303513.541656,0.0,0.0
1627303513.5584095,0.0,0.0
1627303513.607939,0.0,0.0
1627303513.6287923,0.0,0.0
1627303513.679504,0.0,0.0
1627303513.704654,0.0,0.0
1627303513.759183,0.0,0.0
1627303513.8050191,0.0,0.0
1627303513.821215,0.0,0.0
1627303513.8730183,0.0,0.0
1627303513.8892004,0.0,0.0
1627303513.942146,0.0,0.0
1627303514.0096526,0.0,0.0
1627303514.039035,0.0,0.0
1627303514.1032104,0.0,0.0
1627303514.123784,0.0,0.0
1627303514.1791039,0.0,0.0
1627303514.2022727,0.0,0.0
1627303514.253192,0.0,0.0
1627303514.2994757,0.0,0.0
1627303514.314832,0.0,0.0
1627303514.3670561,0.0,0.0
1627303514.3884556,0.0,0.0
1627303514.4399028,0.0,0.0
1627303514.4673767,0.0,0.0
1627303514.518011,0.0,0.0
1627303514.5620756,0.0,0.0
1627303514.6152792,0.0,0.0
1627303514.6468475,0.0,0.0
1627303514.697339,0.0,0.0
1627303514.728193,0.0,0.0
1627303514.7883112,0.0,0.0
1627303514.833747,0.0,0.0
1627303514.8982944,0.0,0.0
1627303514.9185145,0.0,0.0
1627303514.9681337,0.0,0.0
1627303515.0185761,0.0,0.0
1627303515.069129,0.0,0.0
1627303515.1152134,0.0,0.0
1627303515.129993,0.0,0.0
1627303515.1788943,0.0,0.0
1627303515.1935077,0.0,0.0
1627303515.24261,0.0,0.0
1627303515.283728,0.0,0.0
1627303515.3363905,0.0,0.0
1627303515.380377,0.0,0.0
1627303515.3955784,0.0,0.0
1627303515.4487796,0.0,0.0
1627303515.4642015,0.0,0.0
1627303515.5145285,0.0,0.0
1627303515.5561943,0.0,0.0
1627303515.6585872,0.0,0.0
1627303515.661963,0.0,0.0
1627303515.681304,0.0,0.0
1627303515.7912762,0.0,0.0
1627303515.7955184,0.0,0.0
1627303515.8154552,0.0,0.0
1627303515.9288995,0.0,0.0
1627303515.93209,0.0,0.0
1627303515.9321,0.0,0.0
1627303515.949316,0.0,0.0
1627303516.0649347,0.0,0.0
1627303516.0682864,0.0,0.0
1627303516.0682957,0.0,0.0
1627303516.1027496,0.0,0.0
1627303516.2000334,0.0,0.0
1627303516.2051978,0.0,0.0
1627303516.216575,0.0,0.0
1627303516.2361515,0.0,0.0
1627303516.3398483,0.0,0.0
1627303516.3438022,0.0,0.0
1627303516.366311,0.0,0.0
1627303516.47024,0.0,0.0
1627303516.4737394,0.0,0.0
1627303516.4737597,0.0,0.0
1627303516.4951775,0.0,0.0
1627303516.559798,0.0,0.0
1627303516.5872633,0.0,0.0
1627303516.727347,0.0,0.0
1627303516.7319267,0.0,0.0
1627303516.7319508,0.0,0.0
1627303516.7319605,0.0,0.0
1627303516.7601285,0.0,0.0
1627303516.8966088,0.0,0.0
1627303516.9001355,0.0,0.0
1627303516.900145,0.0,0.0
1627303516.900151,0.0,0.0
1627303516.930523,0.0,0.0
1627303517.066933,0.0,0.0
1627303517.0711446,0.0,0.0
1627303517.071148,0.0,0.0
1627303517.0711508,0.0,0.0
1627303517.1016524,0.0,0.0
1627303517.1625543,0.0,0.0
1627303517.1839552,0.0,0.0
1627303517.3080142,0.0,0.0
1627303517.3125167,0.0,0.0
1627303517.3125556,0.0,0.0
1627303517.3212957,0.0,0.0
1627303517.4774668,0.0,0.0
1627303517.4803882,0.0,0.0
1627303517.4803934,0.0,0.0
1627303517.4806376,0.0,0.0
1627303517.4902158,0.0,0.0
1627303517.6471539,0.0,0.0
1627303517.6513722,0.0,0.0
1627303517.6514072,0.0,0.0
1627303517.6514106,0.0,0.0
1627303517.6643395,0.0,0.0
1627303517.8163598,0.0,0.0
1627303517.821399,0.0,0.0
1627303517.821402,0.0,0.0
1627303517.9668324,0.0,0.0
1627303517.971259,0.0,0.0
1627303517.9712706,0.0,0.0
1627303517.9712787,0.0,0.0
1627303518.1350408,0.0,0.0
1627303518.1371725,0.0,0.0
1627303518.1371858,0.0,0.0
1627303518.1371977,0.0,0.0
1627303518.1538353,0.0,0.0
1627303518.3044143,0.0,0.0
1627303518.3121815,0.0,0.0
1627303518.3122375,0.0,0.0
1627303518.312244,0.0,0.0
1627303518.4739532,0.0,0.0
1627303518.4776523,0.0,0.0
1627303518.477659,0.0,0.0
1627303518.4776645,0.0,0.0
1627303518.4924643,0.0,0.0
1627303518.6431935,0.0,0.0
1627303518.6486285,0.0,0.0
1627303518.6682985,0.0,0.0
1627303518.8132875,0.0,0.0
1627303518.8182328,0.0,0.0
1627303518.8182895,0.0,0.0
1627303518.8255944,0.0,0.0
1627303518.8513532,0.0,0.0
1627303518.9825203,0.0,0.0
1627303518.9856722,0.0,0.0
1627303518.9856892,0.0,0.0
1627303519.0140784,0.0,0.0
1627303519.1517713,0.0,0.0
1627303519.1559541,0.0,0.0
1627303519.155989,0.0,0.0
1627303519.155996,0.0,0.0
1627303519.1961129,0.0,0.0
1627303519.2843,0.0,0.0
1627303519.2865798,0.0,0.0
1627303519.299816,0.0,0.0
1627303519.4152079,0.0,0.0
1627303519.4188445,0.0,0.0
1627303519.4188557,0.0,0.0
1627303519.455535,0.0,0.0
1627303519.6121395,0.0,0.0
1627303519.6153362,0.0,0.0
1627303519.6153476,0.0,0.0
1627303519.6153612,0.0,0.0
1627303519.6532018,0.0,0.0
1627303519.6594007,0.0,0.0
1627303519.7102563,0.0,0.0
1627303519.759262,0.0,0.0
1627303519.8038547,0.0,0.0
1627303519.8491673,0.0,0.0
1627303519.8695858,0.0,0.0
1627303519.9190784,0.0,0.0
1627303519.9513023,0.0,0.0
1627303519.9991598,0.0,0.0
1627303520.024475,0.0,0.0
1627303520.0700169,0.0,0.0
1627303520.1185238,0.0,0.0
1627303520.1339226,0.0,0.0
1627303520.1839414,0.0,0.0
1627303520.22962,0.0,0.0
1627303520.2815301,0.0,0.0
1627303520.3029535,0.0,0.0
1627303520.3545008,0.0,0.0
1627303520.3787413,0.0,0.0
1627303520.4334836,0.0,0.0
1627303520.480354,0.0,0.0
1627303520.5340557,0.0,0.0
1627303520.5801036,0.0,0.0
1627303520.595236,0.0,0.0
1627303520.6437805,0.0,0.0
1627303520.665005,0.0,0.0
1627303520.715974,0.0,0.0
1627303520.7425973,0.0,0.0
1627303520.7963665,0.0,0.0
1627303520.8667755,0.0,0.0
1627303520.9362068,0.0,0.0
1627303520.9589097,0.0,0.0
1627303521.0098555,0.0,0.0
1627303521.0595102,0.0,0.0
1627303521.1075873,0.0,0.0
1627303521.132828,0.0,0.0
1627303521.1836388,0.0,0.0
1627303521.2273846,0.0,0.0
1627303521.2431319,0.0,0.0
1627303521.295808,0.0,0.0
1627303521.3393292,0.0,0.0
1627303521.3931072,0.0,0.0
1627303521.4389503,0.0,0.0
1627303521.4911103,0.0,0.0
1627303521.5183094,0.0,0.0
1627303521.5695248,0.0,0.0
1627303521.6153455,0.0,0.0
1627303521.704406,0.0,0.0
1627303521.7611268,0.0,0.0
1627303521.8169227,0.0,0.0
1627303521.865262,0.0,0.0
1627303521.916506,0.0,0.0
1627303521.9638655,0.0,0.0
1627303521.9785206,0.0,0.0
1627303522.0290043,0.0,0.0
1627303522.067508,0.0,0.0
1627303522.1214676,0.0,0.0
1627303522.1702275,0.0,0.0
1627303522.221457,0.0,0.0
1627303522.2652946,0.0,0.0
1627303522.3169756,0.0,0.0
1627303522.3493876,0.0,0.0
1627303522.4021578,0.0,0.0
1627303522.428484,0.0,0.0
1627303522.4805903,0.0,0.0
1627303522.5294087,0.0,0.0
1627303522.5442472,0.0,0.0
1627303522.5979147,0.0,0.0
1627303522.6126804,0.0,0.0
1627303522.6647398,0.0,0.0
1627303522.708828,0.0,0.0
1627303522.7607546,0.0,0.0
1627303522.7862425,0.0,0.0
1627303522.8413863,0.0,0.0
1627303522.89033,0.0,0.0
1627303522.9057152,0.0,0.0
1627303522.9607973,0.0,0.0
1627303522.9750683,0.0,0.0
1627303523.0259013,0.0,0.0
1627303523.0697362,0.0,0.0
1627303523.122315,0.0,0.0
1627303523.1540644,0.0,0.0
1627303523.2067246,0.0,0.0
1627303523.2382355,0.0,0.0
1627303523.2904298,0.0,0.0
1627303523.317499,0.0,0.0
1627303523.3651497,0.0,0.0
1627303523.4115832,0.0,0.0
1627303523.4317353,0.0,0.0
1627303523.4851162,0.0,0.0
1627303523.5121546,0.0,0.0
1627303523.5646245,0.0,0.0
1627303523.6082942,0.0,0.0
1627303523.660595,0.0,0.0
1627303523.6925514,0.0,0.0
1627303523.7386773,0.0,0.0
1627303523.7878323,0.0,0.0
1627303523.8419516,0.0,0.0
1627303523.8624775,0.0,0.0
1627303523.9134479,0.0,0.0
1627303523.9388137,0.0,0.0
1627303523.9921763,0.0,0.0
1627303524.040235,0.0,0.0
1627303524.0911672,0.0,0.0
1627303524.136882,0.0,0.0
1627303524.1867774,0.0,0.0
1627303524.2318482,0.0,0.0
1627303524.2814817,0.0,0.0
1627303524.3276176,0.0,0.0
1627303524.3481326,0.0,0.0
1627303524.395209,0.0,0.0
1627303524.4101284,0.0,0.0
1627303524.4607468,0.0,0.0
1627303524.506952,0.0,0.0
1627303524.527448,0.0,0.0
1627303524.5742776,0.0,0.0
1627303524.589488,0.0,0.0
1627303524.6396248,0.0,0.0
1627303524.6852596,0.0,0.0
1627303524.7339847,0.0,0.0
1627303524.7804923,0.0,0.0
1627303524.798125,0.0,0.0
1627303524.848427,0.0,0.0
1627303524.8740056,0.0,0.0
1627303524.92541,0.0,0.0
1627303524.9456494,0.0,0.0
1627303524.9964843,0.0,0.0
1627303525.042751,0.0,0.0
1627303525.0583065,0.0,0.0
1627303525.1096442,0.0,0.0
1627303525.1248944,0.0,0.0
1627303525.1769073,0.0,0.0
1627303525.2214742,0.0,0.0
1627303525.2366,0.0,0.0
1627303525.2873008,0.0,0.0
1627303525.3084154,0.0,0.0
1627303525.3578444,0.0,0.0
1627303525.4048407,0.0,0.0
1627303525.42236,0.0,0.0
1627303525.4732718,0.0,0.0
1627303525.4938614,0.0,0.0
1627303525.5440123,0.0,0.0
1627303525.5914612,0.0,0.0
1627303525.606615,0.0,0.0
1627303525.6566713,0.0,0.0
1627303525.678082,0.0,0.0
1627303525.7274084,0.0,0.0
1627303525.7739546,0.0,0.0
1627303525.8267734,0.0,0.0
1627303525.871426,0.0,0.0
1627303525.889326,0.0,0.0
1627303525.9373388,0.0,0.0
1627303525.9580302,0.0,0.0
1627303526.0082805,0.0,0.0
1627303526.0540202,0.0,0.0
1627303526.0745146,0.0,0.0
1627303526.1202478,0.0,0.0
1627303526.135899,0.0,0.0
1627303526.186515,0.0,0.0
1627303526.2226658,0.0,0.0
1627303526.27205,0.0,0.0
1627303526.3038085,0.0,0.0
1627303526.353465,0.0,0.0
1627303526.3842337,0.0,0.0
1627303526.4338522,0.0,0.0
1627303526.466348,0.0,0.0
1627303526.5159702,0.0,0.0
1627303526.5411868,0.0,0.0
1627303526.5870914,0.0,0.0
1627303526.6381252,0.0,0.0
1627303526.6537879,0.0,0.0
1627303526.703622,0.0,0.0
1627303526.7456589,0.0,0.0
1627303526.7901585,0.0,0.0
1627303526.816432,0.0,0.0
1627303526.8647778,0.0,0.0
1627303526.8903542,0.0,0.0
1627303526.9358325,0.0,0.0
1627303526.9868968,0.0,0.0
1627303527.0022726,0.0,0.0
1627303527.047741,0.0,0.0
1627303527.0938787,0.0,0.0
1627303527.1141467,0.0,0.0
1627303527.1583457,0.0,0.0
1627303527.2013488,0.0,0.0
1627303527.2463431,0.0,0.0
1627303527.2920265,0.0,0.0
1627303527.312762,0.0,0.0
1627303527.3636003,0.0,0.0
1627303527.3858674,0.0,0.0
1627303527.4324694,0.0,0.0
1627303527.4790392,0.0,0.0
1627303527.499732,0.0,0.0
1627303527.5500906,0.0,0.0
1627303527.576331,0.0,0.0
1627303527.6266336,0.0,0.0
1627303527.6720886,0.0,0.0
1627303527.7183204,0.0,0.0
1627303527.7643683,0.0,0.0
1627303527.7854908,0.0,0.0
1627303527.8346808,0.0,0.0
1627303527.8636956,0.0,0.0
1627303527.912753,0.0,0.0
1627303527.955755,0.0,0.0
1627303528.006233,0.0,0.0
1627303528.0369902,0.0,0.0
1627303528.0880759,0.0,0.0
1627303528.1291819,0.0,0.0
1627303528.1805956,0.0,0.0
1627303528.2010581,0.0,0.0
1627303528.2516975,0.0,0.0
1627303528.2770822,0.0,0.0
1627303528.327168,0.0,0.0
1627303528.3735726,0.0,0.0
1627303528.4238145,0.0,0.0
1627303528.4704022,0.0,0.0
1627303528.4858034,0.0,0.0
1627303528.5365605,0.0,0.0
1627303528.5576458,0.0,0.0
1627303528.6084676,0.0,0.0
1627303528.6546848,0.0,0.0
1627303528.669803,0.0,0.0
1627303528.719896,0.0,0.0
1627303528.7352602,0.0,0.0
1627303528.785935,0.0,0.0
1627303528.831841,0.0,0.0
1627303528.8471382,0.0,0.0
1627303528.9027913,0.0,0.0
1627303528.9183247,0.0,0.0
1627303528.9680483,0.0,0.0
1627303529.0110166,0.0,0.0
1627303529.0605042,0.0,0.0
1627303529.0907857,0.0,0.0
1627303529.1418242,0.0,0.0
1627303529.163135,0.0,0.0
1627303529.2136354,0.0,0.0
1627303529.246249,0.0,0.0
1627303529.295623,0.0,0.0
1627303529.3219023,0.0,0.0
1627303529.3720777,0.0,0.0
1627303529.4183545,0.0,0.0
1627303529.4333043,0.0,0.0
1627303529.4840605,0.0,0.0
1627303529.504592,0.0,0.0
1627303529.5549204,0.0,0.0
1627303529.6016314,0.0,0.0
1627303529.617099,0.0,0.0
1627303529.6674185,0.0,0.0
1627303529.6831892,0.0,0.0
1627303529.7353086,0.0,0.0
1627303529.7831,0.0,0.0
1627303529.7984228,0.0,0.0
1627303529.8490932,0.0,0.0
1627303529.8641725,0.0,0.0
1627303529.9162393,0.0,0.0
1627303529.9594684,0.0,0.0
1627303530.011796,0.0,0.0
1627303530.037214,0.0,0.0
1627303530.0881388,0.0,0.0
1627303530.1343236,0.0,0.0
1627303530.1495721,0.0,0.0
1627303530.2012417,0.0,0.0
1627303530.221763,0.0,0.0
1627303530.266377,0.0,0.0
1627303530.3173716,0.0,0.0
1627303530.3328633,0.0,0.0
1627303530.3835242,0.0,0.0
1627303530.4293835,0.0,0.0
1627303530.475798,0.0,0.0
1627303530.49701,0.0,0.0
1627303530.5433288,0.0,0.0
1627303530.5956306,0.0,0.0
1627303530.611803,0.0,0.0
1627303530.6563578,0.0,0.0
1627303530.7021995,0.0,0.0
1627303530.7485633,0.0,0.0
1627303530.7795656,0.0,0.0
1627303530.831931,0.0,0.0
1627303530.8581667,0.0,0.0
1627303530.9058259,0.0,0.0
1627303530.9525125,0.0,0.0
1627303530.97372,0.0,0.0
1627303531.0184875,0.0,0.0
1627303531.0645604,0.0,0.0
1627303531.09483,0.0,0.0
1627303531.1406178,0.0,0.0
1627303531.1882606,0.0,0.0
1627303531.2368011,0.0,0.0
1627303531.2584963,0.0,0.0
1627303531.302481,0.0,0.0
1627303531.3443384,0.0,0.0
1627303531.3897243,0.0,0.0
1627303531.4345877,0.0,0.0
1627303531.4550095,0.0,0.0
1627303531.50584,0.0,0.0
1627303531.5318162,0.0,0.0
1627303531.5829241,0.0,0.0
1627303531.6314125,0.0,0.0
1627303531.6809454,0.0,0.0
1627303531.7268703,0.0,0.0
1627303531.7429662,0.0,0.0
1627303531.7941747,0.0,0.0
1627303531.8215635,0.0,0.0
1627303531.8715837,0.0,0.0
1627303531.922677,0.0,0.0
1627303531.9376507,0.0,0.0
1627303531.9913645,0.0,0.0
1627303532.0059083,0.0,0.0
1627303532.055222,0.0,0.0
1627303532.0819118,0.0,0.0
1627303532.1316419,0.0,0.0
1627303532.1783547,0.0,0.0
1627303532.2293925,0.0,0.0
1627303532.2754855,0.0,0.0
1627303532.2908838,0.0,0.0
1627303532.3426335,0.0,0.0
1627303532.3587914,0.0,0.0
1627303532.4101253,0.0,0.0
1627303532.4601498,0.0,0.0
1627303532.5110152,0.0,0.0
1627303532.5557113,0.0,0.0
1627303532.6064963,0.0,0.0
1627303532.653253,0.0,0.0
1627303532.6687,0.0,0.0
1627303532.719452,0.0,0.0
1627303532.760038,0.0,0.0
1627303532.8128893,0.0,0.0
1627303532.8618906,0.0,0.0
1627303532.9161973,0.0,0.0
1627303532.9665086,0.0,0.0
1627303533.0165741,0.0,0.0
1627303533.0627854,0.0,0.0
1627303533.0779529,0.0,0.0
1627303533.1293814,0.0,0.0
1627303533.145572,0.0,0.0
1627303533.1964612,0.0,0.0
1627303533.2429073,0.0,0.0
1627303533.257987,0.0,0.0
1627303533.3081853,0.0,0.0
1627303533.3238027,0.0,0.0
1627303533.3746376,0.0,0.0
1627303533.4224484,0.0,0.0
1627303533.4383729,0.0,0.0
1627303533.4904637,0.0,0.0
1627303533.506303,0.0,0.0
1627303533.556999,0.0,0.0
1627303533.6066844,0.0,0.0
1627303533.6251135,0.0,0.0
1627303533.672653,0.0,0.0
1627303533.6883593,0.0,0.0
1627303533.7383902,0.0,0.0
1627303533.784731,0.0,0.0
1627303533.830819,0.0,0.0
1627303533.8821423,0.0,0.0
1627303533.8979247,0.0,0.0
1627303533.9497228,0.0,0.0
1627303533.991547,0.0,0.0
1627303534.0364518,0.0,0.0
1627303534.0622737,0.0,0.0
1627303534.107639,0.0,0.0
1627303534.158333,0.0,0.0
1627303534.17521,0.0,0.0
1627303534.2241542,0.0,0.0
1627303534.275853,0.0,0.0
1627303534.291024,0.0,0.0
1627303534.3365276,0.0,0.0
1627303534.3774693,0.0,0.0
1627303534.4259791,0.0,0.0
1627303534.479263,0.0,0.0
1627303534.4952378,0.0,0.0
1627303534.5418649,0.0,0.0
1627303534.5808125,0.0,0.0
1627303534.6264875,0.0,0.0
1627303534.6730576,0.0,0.0
1627303534.6932907,0.0,0.0
1627303534.7409995,0.0,0.0
1627303534.784799,0.0,0.0
1627303534.8312006,0.0,0.0
1627303534.8790016,0.0,0.0
1627303534.9276924,0.0,0.0
1627303534.9532666,0.0,0.0
1627303534.9978044,0.0,0.0
1627303535.0427184,0.0,0.0
1627303535.062822,0.0,0.0
1627303535.1140695,0.0,0.0
1627303535.1393986,0.0,0.0
1627303535.1844182,0.0,0.0
1627303535.2115355,0.0,0.0
1627303535.2603629,0.0,0.0
1627303535.3012846,0.0,0.0
1627303535.3209999,0.0,0.0
1627303535.371007,0.0,0.0
1627303535.3870246,0.0,0.0
1627303535.4379096,0.0,0.0
1627303535.4671006,0.0,0.0
1627303535.5165005,0.0,0.0
1627303535.559219,0.0,0.0
1627303535.6100934,0.0,0.0
1627303535.6363647,0.0,0.0
1627303535.6873596,0.0,0.0
1627303535.7357953,0.0,0.0
1627303535.7526696,0.0,0.0
1627303535.8092155,0.0,0.0
1627303535.8258255,0.0,0.0
1627303535.8755894,0.0,0.0
1627303535.9220474,0.0,0.0
1627303535.9393258,0.0,0.0
1627303535.9901865,0.0,0.0
1627303536.0113132,0.0,0.0
1627303536.0623863,0.0,0.0
1627303536.0869994,0.0,0.0
1627303536.137989,0.0,0.0
1627303536.1839592,0.0,0.0
1627303536.1997898,0.0,0.0
1627303536.2515984,0.0,0.0
1627303536.2777948,0.0,0.0
1627303536.3290498,0.0,0.0
1627303536.3752534,0.0,0.0
1627303536.3901212,0.0,0.0
1627303536.4441342,0.0,0.0
1627303536.4651744,0.0,0.0
1627303536.5153027,0.0,0.0
1627303536.561354,0.0,0.0
1627303536.5764365,0.0,0.0
1627303536.6280012,0.0,0.0
1627303536.6483886,0.0,0.0
1627303536.6987894,0.0,0.0
1627303536.7290623,0.0,0.0
1627303536.7801826,0.0,0.0
1627303536.8070862,0.0,0.0
1627303536.857316,0.0,0.0
1627303536.9026263,0.0,0.0
1627303536.9569645,0.0,0.0
1627303537.0034735,0.0,0.0
1627303537.0189588,0.0,0.0
1627303537.0712752,0.0,0.0
1627303537.0918033,0.0,0.0
1627303537.1424067,0.0,0.0
1627303537.1730063,0.0,0.0
1627303537.224202,0.0,0.0
1627303537.2546787,0.0,0.0
1627303537.3059592,0.0,0.0
1627303537.3364847,0.0,0.0
1627303537.3873398,0.0,0.0
1627303537.4138296,0.0,0.0
1627303537.4642544,0.0,0.0
1627303537.5102224,0.0,0.0
1627303537.525247,0.0,0.0
1627303537.571616,0.0,0.0
1627303537.591708,0.0,0.0
1627303537.6395974,0.0,0.0
1627303537.6911209,0.0,0.0
1627303537.7058868,0.0,0.0
1627303537.752152,0.0,0.0
1627303537.8031309,0.0,0.0
1627303537.8181334,0.0,0.0
1627303537.864135,0.0,0.0
1627303537.914714,0.0,0.0
1627303537.932313,0.0,0.0
1627303537.9783065,0.0,0.0
1627303538.0181127,0.0,0.0
1627303538.0650833,0.0,0.0
1627303538.1177304,0.0,0.0
1627303538.1339014,0.0,0.0
1627303538.1815166,0.0,0.0
1627303538.2245643,0.0,0.0
1627303538.270358,0.0,0.0
1627303538.3183966,0.0,0.0
1627303538.3668768,0.0,0.0
1627303538.3947163,0.0,0.0
1627303538.4456823,0.0,0.0
1627303538.495009,0.0,0.0
1627303538.516766,0.0,0.0
1627303538.563182,0.0,0.0
1627303538.6063795,0.0,0.0
1627303538.6523364,0.0,0.0
1627303538.6982505,0.0,0.0
1627303538.7179346,0.0,0.0
1627303538.7642915,0.0,0.0
1627303538.8067062,0.0,0.0
1627303538.8538911,0.0,0.0
1627303538.8998082,0.0,0.0
1627303538.9205678,0.0,0.0
1627303538.9738026,0.0,0.0
1627303538.9947038,0.0,0.0
1627303539.0404003,0.0,0.0
1627303539.0869167,0.0,0.0
1627303539.107661,0.0,0.0
1627303539.1586432,0.0,0.0
1627303539.1848998,0.0,0.0
1627303539.236401,0.0,0.0
1627303539.2772412,0.0,0.0
1627303539.2979512,0.0,0.0
1627303539.3487985,0.0,0.0
1627303539.3688567,0.0,0.0
1627303539.4223373,0.0,0.0
1627303539.4704933,0.0,0.0
1627303539.521903,0.0,0.0
1627303539.5684175,0.0,0.0
1627303539.58358,0.0,0.0
1627303539.634597,0.0,0.0
1627303539.6551192,0.0,0.0
1627303539.705872,0.0,0.0
1627303539.7515044,0.0,0.0
1627303539.80244,0.0,0.0
1627303539.848065,0.0,0.0
1627303539.868689,0.0,0.0
1627303539.914425,0.0,0.0
1627303539.9297512,0.0,0.0
1627303539.9831097,0.0,0.0
1627303540.0225556,0.0,0.0
1627303540.0726597,0.0,0.0
1627303540.1189156,0.0,0.0
1627303540.1719816,0.0,0.0
1627303540.219292,0.0,0.0
1627303540.2688158,0.0,0.0
1627303540.3156219,0.0,0.0
1627303540.3670168,0.0,0.0
1627303540.411979,0.0,0.0
1627303540.434793,0.0,0.0
1627303540.4830163,0.0,0.0
1627303540.503366,0.0,0.0
1627303540.554103,0.0,0.0
1627303540.5799112,0.0,0.0
1627303540.6305754,0.0,0.0
1627303540.6762898,0.0,0.0
1627303540.6919816,0.0,0.0
1627303540.7428627,0.0,0.0
1627303540.7629335,0.0,0.0
1627303540.8137705,0.0,0.0
1627303540.8605661,0.0,0.0
1627303540.8755963,0.0,0.0
1627303540.928804,0.0,0.0
1627303540.9794827,0.0,0.0
1627303541.0261805,0.0,0.0
1627303541.0513313,0.0,0.0
1627303541.101676,0.0,0.0
1627303541.1482828,0.0,0.0
1627303541.1632187,0.0,0.0
1627303541.208906,0.0,0.0
1627303541.2296321,0.0,0.0
1627303541.2801301,0.0,0.0
1627303541.326324,0.0,0.0
1627303541.3776727,0.0,0.0
1627303541.4266338,0.0,0.0
1627303541.4749749,0.0,0.0
1627303541.5208018,0.0,0.0
1627303541.5714529,0.0,0.0
1627303541.6190825,0.0,0.0
1627303541.6399405,0.0,0.0
1627303541.686184,0.0,0.0
1627303541.706463,0.0,0.0
1627303541.75222,0.0,0.0
1627303541.8033917,0.0,0.0
1627303541.8183196,0.0,0.0
1627303541.8643186,0.0,0.0
1627303541.915724,0.0,0.0
1627303541.9639096,0.0,0.0
1627303541.9844704,0.0,0.0
1627303542.0301075,0.0,0.0
1627303542.0819263,0.0,0.0
1627303542.0971563,0.0,0.0
1627303542.1485255,0.0,0.0
1627303542.190334,0.0,0.0
1627303542.2356293,0.0,0.0
1627303542.2810106,0.0,0.0
1627303542.301583,0.0,0.0
1627303542.3467863,0.0,0.0
1627303542.3880713,0.0,0.0
1627303542.436103,0.0,0.0
1627303542.481496,0.0,0.0
1627303542.5011208,0.0,0.0
1627303542.545358,0.0,0.0
1627303542.5813415,0.0,0.0
1627303542.6271517,0.0,0.0
1627303542.6727264,0.0,0.0
1627303542.6927624,0.0,0.0
1627303542.7377527,0.0,0.0
1627303542.7825878,0.0,0.0
1627303542.80281,0.0,0.0
1627303542.8484259,0.0,0.0
1627303542.9031334,0.0,0.0
1627303542.9819422,0.0,0.0
1627303543.0059428,0.0,0.0
1627303543.0579605,0.0,0.0
1627303543.0831733,0.0,0.0
1627303543.1337159,0.0,0.0
1627303543.1741982,0.0,0.0
1627303543.194616,0.0,0.0
1627303543.2455397,0.0,0.0
1627303543.2663677,0.0,0.0
1627303543.3157938,0.0,0.0
1627303543.360491,0.0,0.0
1627303543.4107347,0.0,0.0
1627303543.4570575,0.0,0.0
1627303543.4733167,0.0,0.0
1627303543.5227265,0.0,0.0
1627303543.561816,0.0,0.0
1627303543.6116233,0.0,0.0
1627303543.6369255,0.0,0.0
1627303543.6868668,0.0,0.0
1627303543.7327845,0.0,0.0
1627303543.7486775,0.0,0.0
1627303543.7993393,0.0,0.0
1627303543.825054,0.0,0.0
1627303543.8758488,0.0,0.0
1627303543.9225605,0.0,0.0
1627303543.937616,0.0,0.0
1627303543.987275,0.0,0.0
1627303544.0098615,0.0,0.0
1627303544.0599976,0.0,0.0
1627303544.1065035,0.0,0.0
1627303544.1562884,0.0,0.0
1627303544.2008414,0.0,0.0
1627303544.221398,0.0,0.0
1627303544.2669744,0.0,0.0
1627303544.287097,0.0,0.0
1627303544.337381,0.0,0.0
1627303544.3823035,0.0,0.0
1627303544.3978317,0.0,0.0
1627303544.4484062,0.0,0.0
1627303544.4689038,0.0,0.0
1627303544.5192418,0.0,0.0
1627303544.5650284,0.0,0.0
1627303544.5812292,0.0,0.0
1627303544.6334667,0.0,0.0
1627303544.6525803,0.0,0.0
1627303544.702007,0.0,0.0
1627303544.7275233,0.0,0.0
1627303544.7751682,0.0,0.0
1627303544.8198051,0.0,0.0
1627303544.8409705,0.0,0.0
1627303544.8854356,0.0,0.0
1627303544.9055119,0.0,0.0
1627303544.953968,0.0,0.0
1627303544.9979346,0.0,0.0
1627303545.0175633,0.0,0.0
1627303545.0686994,0.0,0.0
1627303545.0838897,0.0,0.0
1627303545.1330538,0.0,0.0
1627303545.1776133,0.0,0.0
1627303545.198629,0.0,0.0
1627303545.2439618,0.0,0.0
1627303545.2592142,0.0,0.0
1627303545.3074603,0.0,0.0
1627303545.353145,0.0,0.0
1627303545.368136,0.0,0.0
1627303545.4173272,0.0,0.0
1627303545.4428437,0.0,0.0
1627303545.4874682,0.0,0.0
1627303545.514979,0.0,0.0
1627303545.5595343,0.0,0.0
1627303545.609291,0.0,0.0
1627303545.6244931,0.0,0.0
1627303545.6691551,0.0,0.0
1627303545.7183135,0.0,0.0
1627303545.733433,0.0,0.0
1627303545.7822092,0.0,0.0
1627303545.8075953,0.0,0.0
1627303545.853223,0.0,0.0
1627303545.9021559,0.0,0.0
1627303545.9180088,0.0,0.0
1627303545.9624588,0.0,0.0
1627303546.0116613,0.0,0.0
1627303546.027562,0.0,0.0
1627303546.0740306,0.0,0.0
1627303546.1136723,0.0,0.0
1627303546.1587696,0.0,0.0
1627303546.2038164,0.0,0.0
1627303546.2241302,0.0,0.0
1627303546.2682698,0.0,0.0
1627303546.3060646,0.0,0.0
1627303546.3501036,0.0,0.0
1627303546.3941016,0.0,0.0
1627303546.4142694,0.0,0.0
1627303546.4597182,0.0,0.0
1627303546.5003588,0.0,0.0
1627303546.5447872,0.0,0.0
1627303546.5886722,0.0,0.0
1627303546.608815,0.0,0.0
1627303546.653497,0.0,0.0
1627303546.6979632,0.0,0.0
1627303546.7180886,0.0,0.0
1627303546.7662597,0.0,0.0
1627303546.8113275,0.0,0.0
1627303546.8318346,0.0,0.0
1627303546.875784,0.0,0.0
1627303546.8917794,0.0,0.0
1627303546.9357145,0.0,0.0
1627303546.985284,0.0,0.0
1627303547.0006824,0.0,0.0
1627303547.0526383,0.0,0.0
1627303547.0961335,0.0,0.0
1627303547.144869,0.0,0.0
1627303547.1888783,0.0,0.0
1627303547.213701,0.0,0.0
1627303547.2582834,0.0,0.0
1627303547.273919,0.0,0.0
1627303547.323609,0.0,0.0
1627303547.3686454,0.0,0.0
1627303547.3838074,0.0,0.0
1627303547.4322467,0.0,0.0
1627303547.453025,0.0,0.0
1627303547.5011888,0.0,0.0
1627303547.545687,0.0,0.0
1627303547.566327,0.0,0.0
1627303547.6162932,0.0,0.0
1627303547.6310873,0.0,0.0
1627303547.680098,0.0,0.0
1627303547.723885,0.0,0.0
1627303547.7395139,0.0,0.0
1627303547.787964,0.0,0.0
1627303547.8085716,0.0,0.0
1627303547.859587,0.0,0.0
1627303547.9041517,0.0,0.0
1627303547.9193106,0.0,0.0
1627303547.9677794,0.0,0.0
1627303548.0054593,0.0,0.0
1627303548.058407,0.0,0.0
1627303548.1036074,0.0,0.0
1627303548.1524482,0.0,0.0
1627303548.1971002,0.0,0.0
1627303548.2167482,0.0,0.0
1627303548.262213,0.0,0.0
1627303548.2832055,0.0,0.0
1627303548.3315911,0.0,0.0
1627303548.3760362,0.0,0.0
1627303548.4257371,0.0,0.0
1627303548.471506,0.0,0.0
1627303548.486938,0.0,0.0
1627303548.5361717,0.0,0.0
1627303548.5616705,0.0,0.0
1627303548.610643,0.0,0.0
1627303548.6557693,0.0,0.0
1627303548.6759598,0.0,0.0
1627303548.7203784,0.0,0.0
1627303548.7407002,0.0,0.0
1627303548.789143,0.0,0.0
1627303548.833031,0.0,0.0
1627303548.8817213,0.0,0.0
1627303548.9267275,0.0,0.0
1627303548.9468846,0.0,0.0
1627303548.99544,0.0,0.0
1627303549.0153425,0.0,0.0
1627303549.062096,0.0,0.0
1627303549.1108005,0.0,0.0
1627303549.1269352,0.0,0.0
1627303549.1761754,0.0,0.0
1627303549.2154708,0.0,0.0
1627303549.265033,0.0,0.0
1627303549.2845495,0.0,0.0
1627303549.3334248,0.0,0.0
1627303549.378678,0.0,0.0
1627303549.399317,0.0,0.0
1627303549.4432974,0.0,0.0
1627303549.4635787,0.0,0.0
1627303549.5073934,0.0,0.0
1627303549.557107,0.0,0.0
1627303549.5724843,0.0,0.0
1627303549.6159518,0.0,0.0
1627303549.6614661,0.0,0.0
1627303549.705534,0.0,0.0
1627303549.735399,0.0,0.0
1627303549.7795768,0.0,0.0
1627303549.8165994,0.0,0.0
1627303549.8615026,0.0,0.0
1627303549.906319,0.0,0.0
1627303549.926795,0.0,0.0
1627303549.9725473,0.0,0.0
1627303550.016108,0.0,0.0
1627303550.0356483,0.0,0.0
1627303550.0821824,0.0,0.0
1627303550.1271389,0.0,0.0
1627303550.1469605,0.0,0.0
1627303550.1912794,0.0,0.0
1627303550.234936,0.0,0.0
1627303550.2554798,0.0,0.0
1627303550.3042457,0.0,0.0
1627303550.3247113,0.0,0.0
1627303550.3700533,0.0,0.0
1627303550.4127579,0.0,0.0
1627303550.432936,0.0,0.0
1627303550.4770143,0.0,0.0
1627303550.5144217,0.0,0.0
1627303550.559663,0.0,0.0
1627303550.6041458,0.0,0.0
1627303550.6241822,0.0,0.0
1627303550.6674662,0.0,0.0
1627303550.7050424,0.0,0.0
1627303550.7486823,0.0,0.0
1627303550.7978337,0.0,0.0
1627303550.8129473,0.0,0.0
1627303550.8603697,0.0,0.0
1627303550.9004664,0.0,0.0
1627303550.9491408,0.0,0.0
1627303550.9931183,0.0,0.0
1627303551.0084593,0.0,0.0
1627303551.057277,0.0,0.0
1627303551.079928,0.0,0.0
1627303551.1277564,0.0,0.0
1627303551.1535559,0.0,0.0
1627303551.2012327,0.0,0.0
1627303551.2455018,0.0,0.0
1627303551.2614658,0.0,0.0
1627303551.31005,0.0,0.0
1627303551.3465972,0.0,0.0
1627303551.3948805,0.0,0.0
1627303551.4399636,0.0,0.0
1627303551.4566727,0.0,0.0
1627303551.5039337,0.0,0.0
1627303551.5437107,0.0,0.0
1627303551.5922217,0.0,0.0
1627303551.6296585,0.0,0.0
1627303551.6787653,0.0,0.0
1627303551.7240243,0.0,0.0
1627303551.7726228,0.0,0.0
1627303551.816488,0.0,0.0
1627303551.8319523,0.0,0.0
1627303551.8800414,0.0,0.0
1627303551.9122458,0.0,0.0
1627303551.960693,0.0,0.0
1627303552.00486,0.0,0.0
1627303552.0200481,0.0,0.0
1627303552.0713592,0.0,0.0
1627303552.1153183,0.0,0.0
1627303552.1308947,0.0,0.0
1627303552.1798027,0.0,0.0
1627303552.1997313,0.0,0.0
1627303552.2483697,0.0,0.0
1627303552.292803,0.0,0.0
1627303552.3124628,0.0,0.0
1627303552.3558857,0.0,0.0
1627303552.3756316,0.0,0.0
1627303552.423841,0.0,0.0
1627303552.4492862,0.0,0.0
1627303552.498048,0.0,0.0
1627303552.5425797,0.0,0.0
1627303552.5620537,0.0,0.0
1627303552.6056454,0.0,0.0
1627303552.6259072,0.0,0.0
1627303552.6756172,0.0,0.0
1627303552.7194626,0.0,0.0
1627303552.7350726,0.0,0.0
1627303552.7830563,0.0,0.0
1627303552.8165982,0.0,0.0
1627303552.865479,0.0,0.0
1627303552.910177,0.0,0.0
1627303552.9252908,0.0,0.0
1627303552.9740283,0.0,0.0
1627303553.0107994,0.0,0.0
1627303553.0633779,0.0,0.0
1627303553.1073208,0.0,0.0
1627303553.1564293,0.0,0.0
1627303553.2002938,0.0,0.0
1627303553.2160337,0.0,0.0
1627303553.2640226,0.0,0.0
1627303553.3087761,0.0,0.0
1627303553.3241117,0.0,0.0
1627303553.3738,0.0,0.0
1627303553.3937151,0.0,0.0
1627303553.4376726,0.0,0.0
1627303553.4870653,0.0,0.0
1627303553.5029004,0.0,0.0
1627303553.551928,0.0,0.0
1627303553.5936482,0.0,0.0
1627303553.6380067,0.0,0.0
1627303553.6888547,0.0,0.0
1627303553.7034001,0.0,0.0
1627303553.7466497,0.0,0.0
1627303553.7958922,0.0,0.0
1627303553.8118746,0.0,0.0
1627303553.856389,0.0,0.0
1627303553.9006195,0.0,0.0
1627303553.9209368,0.0,0.0
1627303553.9695413,0.0,0.0
1627303553.9952931,0.0,0.0
1627303554.0386493,0.0,0.0
1627303554.0857298,0.0,0.0
1627303554.1062539,0.0,0.0
1627303554.1498766,0.0,0.0
1627303554.1934783,0.0,0.0
1627303554.242338,0.0,0.0
1627303554.264034,0.0,0.0
1627303554.3074088,0.0,0.0
1627303554.3515973,0.0,0.0
1627303554.3725677,0.0,0.0
1627303554.4207208,0.0,0.0
1627303554.4608142,0.0,0.0
1627303554.4860332,0.0,0.0
1627303554.529266,0.0,0.0
1627303554.5495477,0.0,0.0
1627303554.5983593,0.0,0.0
1627303554.6380877,0.0,0.0
1627303554.6584864,0.0,0.0
1627303554.7097368,0.0,0.0
1627303554.727178,0.0,0.0
1627303554.7758477,0.0,0.0
1627303554.8211079,0.0,0.0
1627303554.8362787,0.0,0.0
1627303554.8862164,0.0,0.0
1627303554.918243,0.0,0.0
1627303554.9676688,0.0,0.0
1627303555.01067,0.0,0.0
1627303555.031926,0.0,0.0
1627303555.083363,0.0,0.0
1627303555.1140516,0.0,0.0
1627303555.1631644,0.0,0.0
1627303555.193661,0.0,0.0
1627303555.242345,0.0,0.0
1627303555.2694557,0.0,0.0
1627303555.3165781,0.0,0.0
1627303555.361059,0.0,0.0
1627303555.3814511,0.0,0.0
1627303555.425592,0.0,0.0
1627303555.445591,0.0,0.0
1627303555.4952965,0.0,0.0
1627303555.5414462,0.0,0.0
1627303555.5900917,0.0,0.0
1627303555.634913,0.0,0.0
1627303555.6553714,0.0,0.0
1627303555.704597,0.0,0.0
1627303555.7206268,0.0,0.0
1627303555.7703972,0.0,0.0
1627303555.814082,0.0,0.0
1627303555.829343,0.0,0.0
1627303555.8784204,0.0,0.0
1627303555.898973,0.0,0.0
1627303555.9489768,0.0,0.0
1627303555.992705,0.0,0.0
1627303556.0417535,0.0,0.0
1627303556.088402,0.0,0.0
1627303556.1041312,0.0,0.0
1627303556.152298,0.0,0.0
1627303556.1973124,0.0,0.0
1627303556.2463667,0.0,0.0
1627303556.2662594,0.0,0.0
1627303556.3148782,0.0,0.0
1627303556.3591821,0.0,0.0
1627303556.374222,0.0,0.0
1627303556.4220295,0.0,0.0
1627303556.442161,0.0,0.0
1627303556.492146,0.0,0.0
1627303556.5369875,0.0,0.0
1627303556.5523129,0.0,0.0
1627303556.6005805,0.0,0.0
1627303556.6366982,0.0,0.0
1627303556.6861804,0.0,0.0
1627303556.730171,0.0,0.0
1627303556.750818,0.0,0.0
1627303556.8004172,0.0,0.0
1627303556.815539,0.0,0.0
1627303556.8638833,0.0,0.0
1627303556.9082012,0.0,0.0
1627303556.928667,0.0,0.0
1627303556.9731727,0.0,0.0
1627303556.992708,0.0,0.0
1627303557.0420475,0.0,0.0
1627303557.0893087,0.0,0.0
1627303557.1043923,0.0,0.0
1627303557.153258,0.0,0.0
1627303557.1863527,0.0,0.0
1627303557.2344835,0.0,0.0
1627303557.2780983,0.0,0.0
1627303557.2931147,0.0,0.0
1627303557.3412566,0.0,0.0
1627303557.385261,0.0,0.0
1627303557.4064555,0.0,0.0
1627303557.4500866,0.0,0.0
1627303557.475391,0.0,0.0
1627303557.5231564,0.0,0.0
1627303557.5665727,0.0,0.0
1627303557.5861044,0.0,0.0
1627303557.6300583,0.0,0.0
1627303557.6505349,0.0,0.0
1627303557.6951118,0.0,0.0
1627303557.7389216,0.0,0.0
1627303557.758971,0.0,0.0
1627303557.8019876,0.0,0.0
1627303557.8472462,0.0,0.0
1627303557.8969266,0.0,0.0
1627303557.921589,0.0,0.0
1627303557.9693906,0.0,0.0
1627303558.0084677,0.0,0.0
1627303558.032701,0.0,0.0
1627303558.0807023,0.0,0.0
1627303558.1007414,0.0,0.0
1627303558.1457086,0.0,0.0
1627303558.1894333,0.0,0.0
1627303558.2098157,0.0,0.0
1627303558.2544398,0.0,0.0
1627303558.303502,0.0,0.0
1627303558.318845,0.0,0.0
1627303558.3661578,0.0,0.0
1627303558.4063833,0.0,0.0
1627303558.454531,0.0,0.0
1627303558.500389,0.0,0.0
1627303558.5147824,0.0,0.0
1627303558.56388,0.0,0.0
1627303558.5831664,0.0,0.0
1627303558.6338556,0.0,0.0
1627303558.6810832,0.0,0.0
1627303558.7330897,0.0,0.0
1627303558.7788043,0.0,0.0
1627303558.8309445,0.0,0.0
1627303558.8787296,0.0,0.0
1627303558.899251,0.0,0.0
1627303558.9444537,0.0,0.0
1627303558.9604204,0.0,0.0
1627303559.010524,0.0,0.0
1627303559.0511544,0.0,0.0
1627303559.1020355,0.0,0.0
1627303559.1261969,0.0,0.0
1627303559.1753378,0.0,0.0
1627303559.218514,0.0,0.0
1627303559.2380376,0.0,0.0
1627303559.2821286,0.0,0.0
1627303559.3060393,0.0,0.0
1627303559.3551297,0.0,0.0
1627303559.3997574,0.0,0.0
1627303559.447669,0.0,0.0
1627303559.4921885,0.0,0.0
1627303559.512039,0.0,0.0
1627303559.5610788,0.0,0.0
1627303559.5757585,0.0,0.0
1627303559.6238203,0.0,0.0
1627303559.6610923,0.0,0.0
1627303559.7112305,0.0,0.0
1627303559.756038,0.0,0.0
1627303559.7712452,0.0,0.0
1627303559.8203976,0.0,0.0
1627303559.854892,0.0,0.0
1627303559.9051476,0.0,0.0
1627303559.9255085,0.0,0.0
1627303559.9755456,0.0,0.0
1627303560.0192897,0.0,0.0
1627303560.0343184,0.0,0.0
1627303560.0868979,0.0,0.0
1627303560.1242964,0.0,0.0
1627303560.174942,0.0,0.0
1627303560.2183683,0.0,0.0
1627303560.2396421,0.0,0.0
1627303560.294216,0.0,0.0
1627303560.3109698,0.0,0.0
1627303560.3646421,0.0,0.0
1627303560.4053476,0.0,0.0
1627303560.4618948,0.0,0.0
1627303560.508994,0.0,0.0
1627303560.5233002,0.0,0.0
1627303560.5728989,0.0,0.0
1627303560.589573,0.0,0.0
1627303560.6571934,0.0,0.0
1627303560.7408392,0.0,0.0
1627303560.832122,0.0,0.0
1627303560.8683944,0.0,0.0
1627303560.9344938,0.0,0.0
1627303560.980816,0.0,0.0
1627303561.026945,0.0,0.0
1627303561.0485277,0.0,0.0
1627303561.101591,0.0,0.0
1627303561.1266887,0.0,0.0
1627303561.1756866,0.0,0.0
1627303561.221746,0.0,0.0
1627303561.2426486,0.0,0.0
1627303561.2955608,0.0,0.0
1627303561.3131135,0.0,0.0
1627303561.3635492,0.0,0.0
1627303561.4036598,0.0,0.0
1627303561.4521315,0.0,0.0
1627303561.4683018,0.0,0.0
1627303561.5184019,0.0,0.0
1627303561.5639453,0.0,0.0
1627303561.5854886,0.0,0.0
1627303561.6313336,0.0,0.0
1627303561.6525,0.0,0.0
1627303561.7024345,0.0,0.0
1627303561.7425528,0.0,0.0
1627303561.767854,0.0,0.0
1627303561.8140247,0.0,0.0
1627303561.8344808,0.0,0.0
1627303561.8825452,0.0,0.0
1627303561.9139066,0.0,0.0
1627303561.9623163,0.0,0.0
1627303561.988101,0.0,0.0
1627303562.037229,0.0,0.0
1627303562.083405,0.0,0.0
1627303562.1031651,0.0,0.0
1627303562.1465576,0.0,0.0
1627303562.1712759,0.0,0.0
1627303562.224525,0.0,0.0
1627303562.2715054,0.0,0.0
1627303562.3214772,0.0,0.0
1627303562.3668466,0.0,0.0
1627303562.3830016,0.0,0.0
1627303562.4322689,0.0,0.0
1627303562.4676838,0.0,0.0
1627303562.5210624,0.0,0.0
1627303562.5465653,0.0,0.0
1627303562.5979204,0.0,0.0
1627303562.6462405,0.0,0.0
1627303562.7035909,0.0,0.0
1627303562.750769,0.0,0.0
1627303562.800856,0.0,0.0
