time,v,omega
1629116454.6258142,0.0,0.0
1629116454.6700082,0.0,0.0
1629116454.7179618,0.0,0.0
1629116454.7621877,0.0,0.0
1629116454.7756617,0.0,0.0
1629116454.8276305,0.0,0.0
1629116454.8617713,0.0,0.0
1629116454.91023,0.0,0.0
1629116454.9342928,0.0,0.0
1629116454.9829018,0.0,0.0
1629116455.0247178,0.0,0.0
1629116455.0467896,0.0,0.0
1629116455.0963306,0.0,0.0
1629116455.1097198,0.0,0.0
1629116455.1588845,0.0,0.0
1629116455.2029657,0.0,0.0
1629116455.2534003,0.0,0.0
1629116455.2929935,0.0,0.0
1629116455.318619,0.0,0.0
1629116455.3614998,0.0,0.0
1629116455.3803165,0.0,0.0
1629116455.4304166,0.0,0.0
1629116455.4702306,0.0,0.0
1629116455.4887328,0.0,0.0
1629116455.53954,0.0,0.0
1629116455.5637374,0.0,0.0
1629116455.613698,0.0,0.0
1629116455.6535993,0.0,0.0
1629116455.6721952,0.0,0.0
1629116455.7234902,0.0,0.0
1629116455.7488406,0.0,0.0
1629116455.7987597,0.0,0.0
1629116455.8433418,0.0,0.0
1629116455.8626087,0.0,0.0
1629116455.9124207,0.0,0.0
1629116455.9279532,0.0,0.0
1629116455.970749,0.0,0.0
1629116456.0193458,0.0,0.0
1629116456.0333602,0.0,0.0
1629116456.0814333,0.0,0.0
1629116456.1250465,0.0,0.0
1629116456.1755788,0.0,0.0
1629116456.216594,0.0,0.0
1629116456.2657444,0.0,0.0
1629116456.3077016,0.0,0.0
1629116456.3523543,0.0,0.0
1629116456.4022787,0.0,0.0
1629116456.4161901,0.0,0.0
1629116456.4608514,0.0,0.0
1629116456.4855,0.0,0.0
1629116456.531103,0.0,0.0
1629116456.581599,0.0,0.0
1629116456.6005633,0.0,0.0
1629116456.642871,0.0,0.0
1629116456.686993,0.0,0.0
1629116456.729757,0.0,0.0
1629116456.748852,0.0,0.0
1629116456.7925797,0.0,0.0
1629116456.8464067,0.0,0.0
1629116456.8673978,0.0,0.0
1629116456.915678,0.0,0.0
1629116456.9400506,0.0,0.0
1629116456.9827864,0.0,0.0
1629116457.0309074,0.0,0.0
1629116457.050487,0.0,0.0
1629116457.0954516,0.0,0.0
1629116457.1461039,0.0,0.0
1629116457.1671019,0.0,0.0
1629116457.210648,0.0,0.0
1629116457.2348375,0.0,0.0
1629116457.280682,0.0,0.0
1629116457.3294816,0.0,0.0
1629116457.3480754,0.0,0.0
1629116457.3905146,0.0,0.0
1629116457.4247363,0.0,0.0
1629116457.4688208,0.0,0.0
1629116457.5160456,0.0,0.0
1629116457.5347433,0.0,0.0
1629116457.5777402,0.0,0.0
1629116457.6255713,0.0,0.0
1629116457.6391065,0.0,0.0
1629116457.6865716,0.0,0.0
1629116457.7225604,0.0,0.0
1629116457.7627814,0.0,0.0
1629116457.7855582,0.0,0.0
1629116457.8331132,0.0,0.0
1629116457.8561046,0.0,0.0
1629116457.9023004,0.0,0.0
1629116457.9439597,0.0,0.0
1629116457.966713,0.0,0.0
1629116458.0124602,0.0,0.0
1629116458.0260293,0.0,0.0
1629116458.0713906,0.0,0.0
1629116458.1096637,0.0,0.0
1629116458.1576667,0.0,0.0
1629116458.226563,0.0,0.0
1629116458.2486546,0.0,0.0
1629116458.296549,0.0,0.0
1629116458.31052,0.0,0.0
1629116458.3563368,0.0,0.0
1629116458.3980732,0.0,0.0
1629116458.4435282,0.0,0.0
1629116458.4848554,0.0,0.0
1629116458.4982271,0.0,0.0
1629116458.5441325,0.0,0.0
1629116458.5853698,0.0,0.0
1629116458.6032586,0.0,0.0
1629116458.651624,0.0,0.0
1629116458.688566,0.0,0.0
1629116458.711568,0.0,0.0
1629116458.7574394,0.0,0.0
1629116458.8002744,0.0,0.0
1629116458.813483,0.0,0.0
1629116458.8603773,0.0,0.0
1629116458.8950791,0.0,0.0
1629116458.9427211,0.0,0.0
1629116458.9794714,0.0,0.0
1629116458.997542,0.0,0.0
1629116459.0424523,0.0,0.0
1629116459.078813,0.0,0.0
1629116459.1022613,0.0,0.0
1629116459.1471972,0.0,0.0
1629116459.1857932,0.0,0.0
1629116459.2050319,0.0,0.0
1629116459.2505648,0.0,0.0
1629116459.287813,0.0,0.0
1629116459.3071394,0.0,0.0
1629116459.3470757,0.0,0.0
1629116459.3827395,0.0,0.0
1629116459.4282413,0.0,0.0
1629116459.478546,0.0,0.0
1629116459.497624,0.0,0.0
1629116459.5439725,0.0,0.0
1629116459.5951114,0.0,0.0
1629116459.6095405,0.0,0.0
1629116459.6601999,0.0,0.0
1629116459.700198,0.0,0.0
1629116459.778854,0.0,0.0
1629116459.7977066,0.0,0.0
1629116459.849641,0.0,0.0
1629116459.8979177,0.0,0.0
1629116459.9417448,0.0,0.0
1629116459.9901688,0.0,0.0
1629116460.0035145,0.0,0.0
1629116460.0472307,0.0,0.0
1629116460.096407,0.0,0.0
1629116460.109837,0.0,0.0
1629116460.1541972,0.0,0.0
1629116460.1998336,0.0,0.0
1629116460.2428744,0.0,0.0
1629116460.2713852,0.0,0.0
1629116460.314662,0.0,0.0
1629116460.3642294,0.0,0.0
1629116460.377933,0.0,0.0
1629116460.4232416,0.0,0.0
1629116460.468152,0.0,0.0
1629116460.5128863,0.0,0.0
1629116460.5641813,0.0,0.0
1629116460.5777042,0.0,0.0
1629116460.622631,0.0,0.0
1629116460.6490774,0.0,0.0
1629116460.6951692,0.0,0.0
1629116460.7476323,0.0,0.0
1629116460.7628644,0.0,0.0
1629116460.812482,0.0,0.0
1629116460.8558679,0.0,0.0
1629116460.900166,0.0,0.0
1629116460.9482384,0.0,0.0
1629116460.9912553,0.0,0.0
1629116461.0397573,0.0,0.0
1629116461.0834308,0.0,0.0
1629116461.1315238,0.0,0.0
1629116461.1472392,0.0,0.0
1629116461.1899948,0.0,0.0
1629116461.2279944,0.0,0.0
1629116461.2724204,0.0,0.0
1629116461.3210566,0.0,0.0
1629116461.3371058,0.0,0.0
1629116461.3781726,0.0,0.0
1629116461.4218903,0.0,0.0
1629116461.4401624,0.0,0.0
1629116461.4839306,0.0,0.0
1629116461.532243,0.0,0.0
1629116461.5458977,0.0,0.0
1629116461.5894794,0.0,0.0
1629116461.6386998,0.0,0.0
1629116461.6534708,0.0,0.0
1629116461.7028835,0.0,0.0
1629116461.7432268,0.0,0.0
1629116461.7914546,0.0,0.0
1629116461.8103125,0.0,0.0
1629116461.8621101,0.0,0.0
1629116461.8852239,0.0,0.0
1629116461.9347692,0.0,0.0
1629116461.977043,0.0,0.0
1629116461.990165,0.0,0.0
1629116462.0504346,0.0,0.0
1629116462.081919,0.0,0.0
1629116462.0941184,0.0,0.0
1629116462.1420033,0.0,0.0
1629116462.1882372,0.0,0.0
1629116462.2070565,0.0,0.0
1629116462.2558138,0.0,0.0
1629116462.2859688,0.0,0.0
1629116462.341128,0.0,0.0
1629116462.3596587,0.0,0.0
1629116462.408064,0.0,0.0
1629116462.4514391,0.0,0.0
1629116462.4697862,0.0,0.0
1629116462.518851,0.0,0.0
1629116462.5369437,0.0,0.0
1629116462.5888677,0.0,0.0
1629116462.6322293,0.0,0.0
1629116462.6459281,0.0,0.0
1629116462.696516,0.0,0.0
1629116462.7354867,0.0,0.0
1629116462.7596586,0.0,0.0
1629116462.803507,0.0,0.0
1629116462.8221903,0.0,0.0
1629116462.8733177,0.0,0.0
1629116462.8966987,0.0,0.0
1629116462.9452524,0.0,0.0
1629116462.9824812,0.0,0.0
1629116463.0007668,0.0,0.0
1629116463.048404,0.0,0.0
1629116463.0846071,0.0,0.0
1629116463.107457,0.0,0.0
1629116463.1548533,0.0,0.0
1629116463.1689005,0.0,0.0
1629116463.2171915,0.0,0.0
1629116463.256893,0.0,0.0
1629116463.2807822,0.0,0.0
1629116463.3572953,0.0,0.0
1629116463.3893955,0.0,0.0
1629116463.4392204,0.0,0.0
1629116463.4530077,0.0,0.0
1629116463.4959764,0.0,0.0
1629116463.5460327,0.0,0.0
1629116463.5596876,0.0,0.0
1629116463.602598,0.0,0.0
1629116463.6489332,0.0,0.0
1629116463.6647415,0.0,0.0
1629116463.7108269,0.0,0.0
1629116463.7547364,0.0,0.0
1629116463.7836034,0.0,0.0
1629116463.826164,0.0,0.0
1629116463.84504,0.0,0.0
1629116463.889316,0.0,0.0
1629116463.9221227,0.0,0.0
1629116463.9640496,0.0,0.0
1629116464.0104647,0.0,0.0
1629116464.029255,0.0,0.0
1629116464.0731912,0.0,0.0
1629116464.140159,0.0,0.0
1629116464.1742802,0.0,0.0
1629116464.224959,0.0,0.0
1629116464.243874,0.0,0.0
1629116464.2872536,0.0,0.0
1629116464.335808,0.0,0.0
1629116464.3533494,0.0,0.0
1629116464.3948557,0.0,0.0
1629116464.4409182,0.0,0.0
1629116464.45465,0.0,0.0
1629116464.496868,0.0,0.0
1629116464.5433772,0.0,0.0
1629116464.5854106,0.0,0.0
1629116464.603514,0.0,0.0
1629116464.6443567,0.0,0.0
1629116464.6906104,0.0,0.0
1629116464.7085395,0.0,0.0
1629116464.752528,0.0,0.0
1629116464.7961822,0.0,0.0
1629116464.809631,0.0,0.0
1629116464.8546505,0.0,0.0
1629116464.8989117,0.0,0.0
1629116464.9123127,0.0,0.0
1629116464.953025,0.0,0.0
1629116464.9943724,0.0,0.0
1629116465.0174472,0.0,0.0
1629116465.0597832,0.0,0.0
1629116465.0998013,0.0,0.0
1629116465.118529,0.0,0.0
1629116465.1643221,0.0,0.0
1629116465.209709,0.0,0.0
1629116465.228234,0.0,0.0
1629116465.271907,0.0,0.0
1629116465.3200703,0.0,0.0
1629116465.3337882,0.0,0.0
1629116465.3803515,0.0,0.0
1629116465.419451,0.0,0.0
1629116465.4692822,0.0,0.0
1629116465.5100582,0.0,0.0
1629116465.5287614,0.0,0.0
1629116465.5766995,0.0,0.0
1629116465.5957522,0.0,0.0
1629116465.670149,0.0,0.0
1629116465.7094514,0.0,0.0
1629116465.757706,0.0,0.0
1629116465.7769308,0.0,0.0
1629116465.8242707,0.0,0.0
1629116465.8689005,0.0,0.0
1629116465.887848,0.0,0.0
1629116465.9341564,0.0,0.0
1629116465.9478006,0.0,0.0
1629116465.995308,0.0,0.0
1629116466.0373192,0.0,0.0
1629116466.0558743,0.0,0.0
1629116466.1023517,0.0,0.0
1629116466.1208725,0.0,0.0
1629116466.1682184,0.0,0.0
1629116466.2124517,0.0,0.0
1629116466.2265036,0.0,0.0
1629116466.2766218,0.0,0.0
1629116466.3130493,0.0,0.0
1629116466.3314435,0.0,0.0
1629116466.3791413,0.0,0.0
1629116466.4069157,0.0,0.0
1629116466.4536166,0.0,0.0
1629116466.493027,0.0,0.0
1629116466.514666,0.0,0.0
1629116466.5571165,0.0,0.0
1629116466.577621,0.0,0.0
1629116466.6234167,0.0,0.0
1629116466.6624985,0.0,0.0
1629116466.6817164,0.0,0.0
1629116466.7294369,0.0,0.0
1629116466.7525811,0.0,0.0
1629116466.8020093,0.0,0.0
1629116466.8406854,0.0,0.0
1629116466.8598707,0.0,0.0
1629116466.906559,0.0,0.0
1629116466.9554977,0.0,0.0
1629116466.9697366,0.0,0.0
1629116467.0120635,0.0,0.0
1629116467.049073,0.0,0.0
1629116467.0955973,0.0,0.0
1629116467.150778,0.0,0.0
1629116467.1977024,0.0,0.0
1629116467.2534964,0.0,0.0
1629116467.2674968,0.0,0.0
1629116467.3094883,0.0,0.0
1629116467.3421817,0.0,0.0
1629116467.384731,0.0,0.0
1629116467.431801,0.0,0.0
1629116467.4453373,0.0,0.0
1629116467.4900827,0.0,0.0
1629116467.5404594,0.0,0.0
1629116467.5605829,0.0,0.0
1629116467.60754,0.0,0.0
1629116467.6459413,0.0,0.0
1629116467.6904829,0.0,0.0
1629116467.7417333,0.0,0.0
1629116467.7557588,0.0,0.0
1629116467.7991974,0.0,0.0
1629116467.8244803,0.0,0.0
1629116467.8647172,0.0,0.0
1629116467.9144483,0.0,0.0
1629116467.939766,0.0,0.0
1629116468.0160134,0.0,0.0
1629116468.065598,0.0,0.0
1629116468.108422,0.0,0.0
1629116468.1545527,0.0,0.0
1629116468.1740494,0.0,0.0
1629116468.2180402,0.0,0.0
1629116468.2649975,0.0,0.0
1629116468.2789953,0.0,0.0
1629116468.3204975,0.0,0.0
1629116468.367011,0.0,0.0
1629116468.380894,0.0,0.0
1629116468.4232984,0.0,0.0
1629116468.4707885,0.0,0.0
1629116468.4890192,0.0,0.0
1629116468.5306969,0.0,0.0
1629116468.5733473,0.0,0.0
1629116468.6147864,0.0,0.0
1629116468.637836,0.0,0.0
1629116468.6839077,0.0,0.0
1629116468.7297888,0.0,0.0
1629116468.7481105,0.0,0.0
1629116468.7914422,0.0,0.0
1629116468.8321538,0.0,0.0
1629116468.8753371,0.0,0.0
1629116468.92554,0.0,0.0
1629116468.9392173,0.0,0.0
1629116468.9828608,0.0,0.0
1629116469.030432,0.0,0.0
1629116469.0455825,0.0,0.0
1629116469.0921843,0.0,0.0
1629116469.1342254,0.0,0.0
1629116469.1755505,0.0,0.0
1629116469.2238648,0.0,0.0
1629116469.2384865,0.0,0.0
1629116469.2856853,0.0,0.0
1629116469.3282475,0.0,0.0
1629116469.347261,0.0,0.0
1629116469.390283,0.0,0.0
1629116469.413324,0.0,0.0
1629116469.4824395,0.0,0.0
1629116469.5478096,0.0,0.0
1629116469.567676,0.0,0.0
1629116469.6141722,0.0,0.0
1629116469.6326919,0.0,0.0
1629116469.6801105,0.0,0.0
1629116469.7218554,0.0,0.0
1629116469.7358694,0.0,0.0
1629116469.7834208,0.0,0.0
1629116469.825096,0.0,0.0
1629116469.8385882,0.0,0.0
1629116469.8878458,0.0,0.0
1629116469.929931,0.0,0.0
1629116469.9435382,0.0,0.0
1629116469.9916966,0.0,0.0
1629116470.0344186,0.0,0.0
1629116470.0479026,0.0,0.0
1629116470.0965068,0.0,0.0
1629116470.1397727,0.0,0.0
1629116470.1533256,0.0,0.0
1629116470.1958034,0.0,0.0
1629116470.2424936,0.0,0.0
1629116470.2560387,0.0,0.0
1629116470.3040917,0.0,0.0
1629116470.3397892,0.0,0.0
1629116470.3890038,0.0,0.0
1629116470.4321241,0.0,0.0
1629116470.4507024,0.0,0.0
1629116470.4974,0.0,0.0
1629116470.5203855,0.0,0.0
1629116470.5676455,0.0,0.0
1629116470.6097276,0.0,0.0
1629116470.6327093,0.0,0.0
1629116470.6757195,0.0,0.0
1629116470.6979344,0.0,0.0
1629116470.7405384,0.0,0.0
1629116470.7876208,0.0,0.0
1629116470.8062131,0.0,0.0
1629116470.8485081,0.0,0.0
1629116470.8976734,0.0,0.0
1629116470.911611,0.0,0.0
1629116470.953314,0.0,0.0
1629116471.0007012,0.0,0.0
1629116471.0145028,0.0,0.0
1629116471.0572934,0.0,0.0
1629116471.105267,0.0,0.0
1629116471.1193132,0.0,0.0
1629116471.1629846,0.0,0.0
1629116471.2135782,0.0,0.0
1629116471.227343,0.0,0.0
1629116471.271576,0.0,0.0
1629116471.3209584,0.0,0.0
1629116471.3350317,0.0,0.0
1629116471.3800483,0.0,0.0
1629116471.4293127,0.0,0.0
1629116471.443302,0.0,0.0
1629116471.4874337,0.0,0.0
1629116471.5346136,0.0,0.0
1629116471.5482514,0.0,0.0
1629116471.5975406,0.0,0.0
1629116471.6417444,0.0,0.0
1629116471.660392,0.0,0.0
1629116471.7048225,0.0,0.0
1629116471.7494197,0.0,0.0
1629116471.7975214,0.0,0.0
1629116471.821123,0.0,0.0
1629116471.864594,0.0,0.0
1629116471.916523,0.0,0.0
1629116471.9287732,0.0,0.0
1629116471.9715104,0.0,0.0
1629116472.019969,0.0,0.0
1629116472.062986,0.0,0.0
1629116472.0865684,0.0,0.0
1629116472.1295807,0.0,0.0
1629116472.1780188,0.0,0.0
1629116472.1913955,0.0,0.0
1629116472.2389886,0.0,0.0
1629116472.278436,0.0,0.0
1629116472.3222396,0.0,0.0
1629116472.3392067,0.0,0.0
1629116472.384245,0.0,0.0
1629116472.4345276,0.0,0.0
1629116472.4534318,0.0,0.0
1629116472.4981618,0.0,0.0
1629116472.5396266,0.0,0.0
1629116472.582745,0.0,0.0
1629116472.631561,0.0,0.0
1629116472.64701,0.0,0.0
1629116472.691692,0.0,0.0
1629116472.7427084,0.0,0.0
1629116472.7880151,0.0,0.0
1629116472.8076832,0.0,0.0
1629116472.8528636,0.0,0.0
1629116472.9050508,0.0,0.0
1629116472.9188747,0.0,0.0
1629116472.962749,0.0,0.0
1629116473.010329,0.0,0.0
1629116473.0605216,0.0,0.0
1629116473.080201,0.0,0.0
1629116473.1313677,0.0,0.0
1629116473.1759248,0.0,0.0
1629116473.195354,0.0,0.0
1629116473.2403018,0.0,0.0
1629116473.258686,0.0,0.0
1629116473.3065035,0.0,0.0
1629116473.3377535,0.0,0.0
1629116473.387323,0.0,0.0
1629116473.406921,0.0,0.0
1629116473.4562593,0.0,0.0
1629116473.479668,0.0,0.0
1629116473.5267656,0.0,0.0
1629116473.570285,0.0,0.0
1629116473.5850224,0.0,0.0
1629116473.6360319,0.0,0.0
1629116473.6839602,0.0,0.0
1629116473.731876,0.0,0.0
1629116473.7793713,0.0,0.0
1629116473.8100398,0.0,0.0
1629116473.874008,0.0,0.0
1629116473.8922563,0.0,0.0
1629116473.9407184,0.0,0.0
1629116473.963463,0.0,0.0
1629116474.0119972,0.0,0.0
1629116474.0576358,0.0,0.0
1629116474.0752554,0.0,0.0
1629116474.1216364,0.0,0.0
1629116474.144459,0.0,0.0
1629116474.1915138,0.0,0.0
1629116474.2321448,0.0,0.0
1629116474.2500916,0.0,0.0
1629116474.2986772,0.0,0.0
1629116474.322638,0.0,0.0
1629116474.3703008,0.0,0.0
1629116474.412838,0.0,0.0
1629116474.4309616,0.0,0.0
1629116474.476484,0.0,0.0
1629116474.5149555,0.0,0.0
1629116474.5569787,0.0,0.0
1629116474.604935,0.0,0.0
1629116474.6183116,0.0,0.0
1629116474.6622074,0.0,0.0
1629116474.711445,0.0,0.0
1629116474.725382,0.0,0.0
1629116474.7718723,0.0,0.0
1629116474.811007,0.0,0.0
1629116474.851456,0.0,0.0
1629116474.8795655,0.0,0.0
1629116474.9231222,0.0,0.0
1629116474.9701025,0.0,0.0
1629116474.981576,0.0,0.0
1629116475.0225697,0.0,0.0
1629116475.067322,0.0,0.0
1629116475.0817654,0.0,0.0
1629116475.1259446,0.0,0.0
1629116475.162633,0.0,0.0
1629116475.2082436,0.0,0.0
1629116475.2496157,0.0,0.0
1629116475.2628534,0.0,0.0
1629116475.3096259,0.0,0.0
1629116475.350613,0.0,0.0
1629116475.369015,0.0,0.0
1629116475.4186335,0.0,0.0
1629116475.4436157,0.0,0.0
1629116475.4920893,0.0,0.0
1629116475.536156,0.0,0.0
1629116475.5558858,0.0,0.0
1629116475.6002533,0.0,0.0
1629116475.6246521,0.0,0.0
1629116475.6659102,0.0,0.0
1629116475.7127867,0.0,0.0
1629116475.7265513,0.0,0.0
1629116475.7688115,0.0,0.0
1629116475.814381,0.0,0.0
1629116475.8274739,0.0,0.0
1629116475.8684444,0.0,0.0
1629116475.9142213,0.0,0.0
1629116475.929501,0.0,0.0
1629116475.9704454,0.0,0.0
1629116476.0410962,0.0,0.0
1629116476.076168,0.0,0.0
1629116476.12103,0.0,0.0
1629116476.1575654,0.0,0.0
1629116476.2032046,0.0,0.0
1629116476.2245321,0.0,0.0
1629116476.2646987,0.0,0.0
1629116476.2916744,0.0,0.0
1629116476.3350315,0.0,0.0
1629116476.3759232,0.0,0.0
1629116476.3945498,0.0,0.0
1629116476.4355807,0.0,0.0
1629116476.4816544,0.0,0.0
1629116476.4949632,0.0,0.0
1629116476.5350692,0.0,0.0
1629116476.5769303,0.0,0.0
1629116476.6234612,0.0,0.0
1629116476.6452956,0.0,0.0
1629116476.6911108,0.0,0.0
1629116476.7331195,0.0,0.0
1629116476.7493882,0.0,0.0
1629116476.7948115,0.0,0.0
1629116476.836098,0.0,0.0
1629116476.8591294,0.0,0.0
1629116476.9046955,0.0,0.0
1629116476.9178638,0.0,0.0
1629116476.9656794,0.0,0.0
1629116477.007015,0.0,0.0
1629116477.024571,0.0,0.0
1629116477.0699377,0.0,0.0
1629116477.0973253,0.0,0.0
1629116477.1426651,0.0,0.0
1629116477.1835454,0.0,0.0
1629116477.2298791,0.0,0.0
1629116477.271027,0.0,0.0
1629116477.2843554,0.0,0.0
1629116477.3302617,0.0,0.0
1629116477.3710198,0.0,0.0
1629116477.3942373,0.0,0.0
1629116477.4377167,0.0,0.0
1629116477.464287,0.0,0.0
1629116477.522069,0.0,0.0
1629116477.578832,0.0,0.0
1629116477.632745,0.0,0.0
1629116477.6606424,0.0,0.0
1629116477.7084396,0.0,0.0
1629116477.7317133,0.0,0.0
1629116477.7781813,0.0,0.0
1629116477.8217618,0.0,0.0
1629116477.8516228,0.0,0.0
1629116477.8937924,0.0,0.0
1629116477.908059,0.0,0.0
1629116477.9587348,0.0,0.0
1629116477.9981368,0.0,0.0
1629116478.046788,0.0,0.0
1629116478.0901196,0.0,0.0
1629116478.1383536,0.0,0.0
1629116478.181926,0.0,0.0
1629116478.2010791,0.0,0.0
1629116478.2440617,0.0,0.0
1629116478.2918248,0.0,0.0
1629116478.3059719,0.0,0.0
1629116478.353466,0.0,0.0
1629116478.3920453,0.0,0.0
1629116478.4400976,0.0,0.0
1629116478.4843287,0.0,0.0
1629116478.5127263,0.0,0.0
1629116478.5561557,0.0,0.0
1629116478.5763416,0.0,0.0
1629116478.6228275,0.0,0.0
1629116478.6460776,0.0,0.0
1629116478.6955435,0.0,0.0
1629116478.7425807,0.0,0.0
1629116478.757945,0.0,0.0
1629116478.800155,0.0,0.0
1629116478.848186,0.0,0.0
1629116478.8624022,0.0,0.0
1629116478.9108267,0.0,0.0
1629116478.9522352,0.0,0.0
1629116479.0054836,0.0,0.0
1629116479.029795,0.0,0.0
1629116479.0778346,0.0,0.0
1629116479.1212265,0.0,0.0
1629116479.1447408,0.0,0.0
1629116479.1926296,0.0,0.0
1629116479.2068384,0.0,0.0
1629116479.2543254,0.0,0.0
1629116479.2944086,0.0,0.0
1629116479.3380172,0.0,0.0
1629116479.3875484,0.0,0.0
1629116479.400624,0.0,0.0
1629116479.4434445,0.0,0.0
1629116479.487191,0.0,0.0
1629116479.53515,0.0,0.0
1629116479.5589352,0.0,0.0
1629116479.6034334,0.0,0.0
1629116479.6519861,0.0,0.0
1629116479.6656244,0.0,0.0
1629116479.7094731,0.0,0.0
1629116479.7580717,0.0,0.0
1629116479.7764802,0.0,0.0
1629116479.82019,0.0,0.0
1629116479.86028,0.0,0.0
1629116479.9029658,0.0,0.0
1629116479.950755,0.0,0.0
1629116479.964302,0.0,0.0
1629116480.0098078,0.0,0.0
1629116480.0584383,0.0,0.0
1629116480.101612,0.0,0.0
1629116480.125161,0.0,0.0
1629116480.173374,0.0,0.0
1629116480.193395,0.0,0.0
1629116480.243907,0.0,0.0
1629116480.2893631,0.0,0.0
1629116480.3040895,0.0,0.0
1629116480.3529022,0.0,0.0
1629116480.3720322,0.0,0.0
1629116480.4211414,0.0,0.0
1629116480.4641623,0.0,0.0
1629116480.4826102,0.0,0.0
1629116480.5252683,0.0,0.0
1629116480.5489326,0.0,0.0
1629116480.5969346,0.0,0.0
1629116480.6395624,0.0,0.0
1629116480.658559,0.0,0.0
1629116480.706356,0.0,0.0
1629116480.7350667,0.0,0.0
1629116480.783232,0.0,0.0
1629116480.8077233,0.0,0.0
1629116480.8575566,0.0,0.0
1629116480.9014528,0.0,0.0
1629116480.9316854,0.0,0.0
1629116480.9735909,0.0,0.0
1629116480.9925017,0.0,0.0
1629116481.0431879,0.0,0.0
1629116481.0616572,0.0,0.0
1629116481.11024,0.0,0.0
1629116481.139765,0.0,0.0
1629116481.1912115,0.0,0.0
1629116481.2331228,0.0,0.0
1629116481.282221,0.0,0.0
1629116481.3241515,0.0,0.0
1629116481.3681848,0.0,0.0
1629116481.4170666,0.0,0.0
1629116481.4320836,0.0,0.0
1629116481.4794412,0.0,0.0
1629116481.503043,0.0,0.0
1629116481.5504375,0.0,0.0
1629116481.5940776,0.0,0.0
1629116481.6149638,0.0,0.0
1629116481.6613398,0.0,0.0
1629116481.6845012,0.0,0.0
1629116481.7327504,0.0,0.0
1629116481.7739353,0.0,0.0
1629116481.7931232,0.0,0.0
1629116481.8415022,0.0,0.0
1629116481.8653808,0.0,0.0
1629116481.9129376,0.0,0.0
1629116481.9555035,0.0,0.0
1629116481.9944882,0.0,0.0
1629116482.026944,0.0,0.0
1629116482.0406954,0.0,0.0
1629116482.0813582,0.0,0.0
1629116482.1281016,0.0,0.0
1629116482.1741073,0.0,0.0
1629116482.193067,0.0,0.0
1629116482.2405517,0.0,0.0
1629116482.2810197,0.0,0.0
1629116482.3040793,0.0,0.0
1629116482.3481731,0.0,0.0
1629116482.366038,0.0,0.0
1629116482.4126933,0.0,0.0
1629116482.4366622,0.0,0.0
1629116482.4834595,0.0,0.0
1629116482.524956,0.0,0.0
1629116482.5388682,0.0,0.0
1629116482.5858822,0.0,0.0
1629116482.6291754,0.0,0.0
1629116482.643632,0.0,0.0
1629116482.6909182,0.0,0.0
1629116482.7345412,0.0,0.0
1629116482.7536924,0.0,0.0
1629116482.8022935,0.0,0.0
1629116482.8171337,0.0,0.0
1629116482.8670068,0.0,0.0
1629116482.910939,0.0,0.0
1629116482.9347448,0.0,0.0
1629116482.9830828,0.0,0.0
1629116482.9975612,0.0,0.0
1629116483.047759,0.0,0.0
1629116483.0871098,0.0,0.0
1629116483.1301687,0.0,0.0
1629116483.1543632,0.0,0.0
1629116483.2030745,0.0,0.0
1629116483.2225952,0.0,0.0
1629116483.2708282,0.0,0.0
1629116483.295125,0.0,0.0
1629116483.3433113,0.0,0.0
1629116483.3890462,0.0,0.0
1629116483.4049432,0.0,0.0
1629116483.4426248,0.0,0.0
1629116483.4857314,0.0,0.0
1629116483.5338452,0.0,0.0
1629116483.5525305,0.0,0.0
1629116483.6022441,0.0,0.0
1629116483.6461275,0.0,0.0
1629116483.665007,0.0,0.0
1629116483.7106996,0.0,0.0
1629116483.751343,0.0,0.0
1629116483.7945652,0.0,0.0
1629116483.8386643,0.0,0.0
1629116483.8585403,0.0,0.0
1629116483.905095,0.0,0.0
1629116483.9411693,0.0,0.0
1629116483.98631,0.0,0.0
1629116484.0320797,0.0,0.0
1629116484.0515568,0.0,0.0
1629116484.0953825,0.0,0.0
1629116484.139712,0.0,0.0
1629116484.1591382,0.0,0.0
1629116484.2020714,0.0,0.0
1629116484.246285,0.0,0.0
1629116484.2944946,0.0,0.0
1629116484.3109686,0.0,0.0
1629116484.356393,0.0,0.0
1629116484.3999534,0.0,0.0
1629116484.4283388,0.0,0.0
1629116484.472168,0.0,0.0
1629116484.486018,0.0,0.0
1629116484.533729,0.0,0.0
1629116484.5775464,0.0,0.0
1629116484.6010761,0.0,0.0
1629116484.6494567,0.0,0.0
1629116484.6634226,0.0,0.0
1629116484.7136724,0.0,0.0
1629116484.7510931,0.0,0.0
1629116484.7990017,0.0,0.0
1629116484.8370843,0.0,0.0
1629116484.8861291,0.0,0.0
1629116484.9306736,0.0,0.0
1629116484.9792297,0.0,0.0
1629116485.0042694,0.0,0.0
1629116485.0543187,0.0,0.0
1629116485.0785098,0.0,0.0
1629116485.129956,0.0,0.0
1629116485.1475015,0.0,0.0
1629116485.1969645,0.0,0.0
1629116485.244874,0.0,0.0
1629116485.2690475,0.0,0.0
1629116485.3232236,0.0,0.0
1629116485.3396895,0.0,0.0
1629116485.419005,0.0,0.0
1629116485.4596095,0.0,0.0
1629116485.5018375,0.0,0.0
1629116485.5251768,0.0,0.0
1629116485.5713058,0.0,0.0
1629116485.6127756,0.0,0.0
1629116485.641976,0.0,0.0
1629116485.6876283,0.0,0.0
1629116485.7011902,0.0,0.0
1629116485.7486143,0.0,0.0
1629116485.7911735,0.0,0.0
1629116485.8192313,0.0,0.0
1629116485.8626523,0.0,0.0
1629116485.876392,0.0,0.0
1629116485.923939,0.0,0.0
1629116485.968462,0.0,0.0
1629116485.9978302,0.0,0.0
1629116486.0516484,0.0,0.0
1629116486.0634124,0.0,0.0
1629116486.1115866,0.0,0.0
1629116486.1539354,0.0,0.0
1629116486.227423,0.0,0.0
1629116486.3037653,0.0,0.0
1629116486.375259,0.0,0.0
1629116486.3941736,0.0,0.0
1629116486.443104,0.0,0.0
1629116486.467054,0.0,0.0
1629116486.513201,0.0,0.0
1629116486.5560195,0.0,0.0
1629116486.585136,0.0,0.0
1629116486.621923,0.0,0.0
1629116486.6429658,0.0,0.0
1629116486.6907916,0.0,0.0
1629116486.7155442,0.0,0.0
1629116486.760368,0.0,0.0
1629116486.8086479,0.0,0.0
1629116486.823639,0.0,0.0
1629116486.8711271,0.0,0.0
1629116486.916706,0.0,0.0
1629116486.9314363,0.0,0.0
1629116486.9802434,0.0,0.0
1629116487.0264988,0.0,0.0
1629116487.0530565,0.0,0.0
1629116487.1304674,0.0,0.0
1629116487.154789,0.0,0.0
1629116487.2099426,0.0,0.0
1629116487.2302766,0.0,0.0
1629116487.2804172,0.0,0.0
1629116487.3244693,0.0,0.0
1629116487.348748,0.0,0.0
1629116487.3985336,0.0,0.0
1629116487.4124064,0.0,0.0
1629116487.4627922,0.0,0.0
1629116487.482409,0.0,0.0
1629116487.5313234,0.0,0.0
1629116487.576227,0.0,0.0
1629116487.6004229,0.0,0.0
1629116487.6405923,0.0,0.0
1629116487.6599786,0.0,0.0
1629116487.7091649,0.0,0.0
1629116487.75416,0.0,0.0
1629116487.7776763,0.0,0.0
1629116487.8180752,0.0,0.0
1629116487.837486,0.0,0.0
1629116487.8873475,0.0,0.0
1629116487.9132318,0.0,0.0
1629116487.9639878,0.0,0.0
1629116488.010085,0.0,0.0
1629116488.0312514,0.0,0.0
1629116488.0731657,0.0,0.0
1629116488.099496,0.0,0.0
1629116488.1462781,0.0,0.0
1629116488.1902468,0.0,0.0
1629116488.239106,0.0,0.0
1629116488.2834458,0.0,0.0
1629116488.30712,0.0,0.0
1629116488.357201,0.0,0.0
1629116488.3763585,0.0,0.0
1629116488.4248188,0.0,0.0
1629116488.450286,0.0,0.0
1629116488.4986565,0.0,0.0
1629116488.5441644,0.0,0.0
1629116488.5627234,0.0,0.0
1629116488.6085877,0.0,0.0
1629116488.6284518,0.0,0.0
1629116488.6785028,0.0,0.0
1629116488.726828,0.0,0.0
1629116488.7509768,0.0,0.0
1629116488.8007858,0.0,0.0
1629116488.816332,0.0,0.0
1629116488.8640606,0.0,0.0
1629116488.8871279,0.0,0.0
1629116488.9340925,0.0,0.0
1629116488.9765027,0.0,0.0
1629116488.994962,0.0,0.0
1629116489.0423493,0.0,0.0
1629116489.0676217,0.0,0.0
1629116489.1155326,0.0,0.0
1629116489.156633,0.0,0.0
1629116489.1842952,0.0,0.0
1629116489.2327628,0.0,0.0
1629116489.2509158,0.0,0.0
1629116489.3071985,0.0,0.0
1629116489.3451588,0.0,0.0
1629116489.408655,0.0,0.0
1629116489.4268465,0.0,0.0
1629116489.4742599,0.0,0.0
1629116489.5167193,0.0,0.0
1629116489.5347195,0.0,0.0
1629116489.5820448,0.0,0.0
1629116489.6052876,0.0,0.0
1629116489.6521475,0.0,0.0
1629116489.6944692,0.0,0.0
1629116489.714681,0.0,0.0
1629116489.7608469,0.0,0.0
1629116489.7888637,0.0,0.0
1629116489.8361351,0.0,0.0
1629116489.865081,0.0,0.0
1629116489.911539,0.0,0.0
1629116489.9542823,0.0,0.0
1629116490.0010834,0.0,0.0
1629116490.0451,0.0,0.0
1629116490.0576131,0.0,0.0
1629116490.107389,0.0,0.0
1629116490.138018,0.0,0.0
1629116490.1863048,0.0,0.0
1629116490.2294796,0.0,0.0
1629116490.2498026,0.0,0.0
1629116490.2962945,0.0,0.0
1629116490.3397267,0.0,0.0
1629116490.3587773,0.0,0.0
1629116490.4072564,0.0,0.0
1629116490.4323664,0.0,0.0
1629116490.4772148,0.0,0.0
1629116490.5189323,0.0,0.0
1629116490.5390446,0.0,0.0
1629116490.583768,0.0,0.0
1629116490.607109,0.0,0.0
1629116490.65412,0.0,0.0
1629116490.696386,0.0,0.0
1629116490.7149482,0.0,0.0
1629116490.7619636,0.0,0.0
1629116490.7848082,0.0,0.0
1629116490.8313427,0.0,0.0
1629116490.879477,0.0,0.0
1629116490.9261565,0.0,0.0
1629116490.9684668,0.0,0.0
1629116490.9962282,0.0,0.0
1629116491.0338554,0.0,0.0
1629116491.0522218,0.0,0.0
1629116491.1018364,0.0,0.0
1629116491.124992,0.0,0.0
1629116491.1717577,0.0,0.0
1629116491.2216785,0.0,0.0
1629116491.240445,0.0,0.0
1629116491.287738,0.0,0.0
1629116491.306049,0.0,0.0
1629116491.3539097,0.0,0.0
1629116491.4007978,0.0,0.0
1629116491.4196105,0.0,0.0
1629116491.46639,0.0,0.0
1629116491.4894059,0.0,0.0
1629116491.536742,0.0,0.0
1629116491.5839858,0.0,0.0
1629116491.6026368,0.0,0.0
1629116491.6499393,0.0,0.0
1629116491.6734529,0.0,0.0
1629116491.720612,0.0,0.0
1629116491.7684157,0.0,0.0
1629116491.8148916,0.0,0.0
1629116491.858288,0.0,0.0
1629116491.8764603,0.0,0.0
1629116491.9251442,0.0,0.0
1629116491.9483922,0.0,0.0
1629116491.996634,0.0,0.0
1629116492.0408578,0.0,0.0
1629116492.0699937,0.0,0.0
1629116492.1200228,0.0,0.0
1629116492.1389065,0.0,0.0
1629116492.1877813,0.0,0.0
1629116492.2016714,0.0,0.0
1629116492.2505054,0.0,0.0
1629116492.294028,0.0,0.0
1629116492.3126917,0.0,0.0
1629116492.3612084,0.0,0.0
1629116492.3847675,0.0,0.0
1629116492.4335933,0.0,0.0
1629116492.477604,0.0,0.0
1629116492.5027828,0.0,0.0
1629116492.5498233,0.0,0.0
1629116492.5634198,0.0,0.0
1629116492.6117911,0.0,0.0
1629116492.6521883,0.0,0.0
1629116492.6998703,0.0,0.0
1629116492.743537,0.0,0.0
1629116492.7922676,0.0,0.0
1629116492.8363433,0.0,0.0
1629116492.865753,0.0,0.0
1629116492.9123297,0.0,0.0
1629116492.9283562,0.0,0.0
1629116492.9770348,0.0,0.0
1629116493.001675,0.0,0.0
