time,v,omega
1627481370.936763,0.0,0.0
1627481370.97826,0.0,0.0
1627481370.9917672,0.0,0.0
1627481371.038073,0.0,0.0
1627481371.0814521,0.0,0.0
1627481371.0947914,0.0,0.0
1627481371.1429486,0.0,0.0
1627481371.1842742,0.0,0.0
1627481371.2031043,0.0,0.0
1627481371.2496326,0.0,0.0
1627481371.2737784,0.0,0.0
1627481371.322674,0.0,0.0
1627481371.366127,0.0,0.0
1627481371.3847528,0.0,0.0
1627481371.4343529,0.0,0.0
1627481371.4581475,0.0,0.0
1627481371.5054762,0.0,0.0
1627481371.554021,0.0,0.0
1627481371.6038287,0.0,0.0
1627481371.6523461,0.0,0.0
1627481371.7021875,0.0,0.0
1627481371.748876,0.0,0.0
1627481371.7963176,0.0,0.0
1627481371.8495917,0.0,0.0
1627481371.8644505,0.0,0.0
1627481371.9107215,0.0,0.0
1627481371.9644387,0.0,0.0
1627481371.97811,0.0,0.0
1627481372.0219488,0.0,0.0
1627481372.0671196,0.0,0.0
1627481372.1484866,0.0,0.0
1627481372.1802623,0.0,0.0
1627481372.2304418,0.0,0.0
1627481372.2545047,0.0,0.0
1627481372.3036826,0.0,0.0
1627481372.3483925,0.0,0.0
1627481372.3973277,0.0,0.0
1627481372.4433777,0.0,0.0
1627481372.4925232,0.0,0.0
1627481372.5328722,0.0,0.0
1627481372.5818417,0.0,0.0
1627481372.6232924,0.0,0.0
1627481372.67198,0.0,0.0
1627481372.6964014,0.0,0.0
1627481372.7456625,0.0,0.0
1627481372.7916894,0.0,0.0
1627481372.811051,0.0,0.0
1627481372.8611336,0.0,0.0
1627481372.875542,0.0,0.0
1627481372.923599,0.0,0.0
1627481372.963661,0.0,0.0
1627481373.0146773,0.0,0.0
1627481373.0337794,0.0,0.0
1627481373.082627,0.0,0.0
1627481373.1091425,0.0,0.0
1627481373.1581523,0.0,0.0
1627481373.2026558,0.0,0.0
1627481373.2513893,0.0,0.0
1627481373.2973075,0.0,0.0
1627481373.3459883,0.0,0.0
1627481373.3906977,0.0,0.0
1627481373.4404683,0.0,0.0
1627481373.485595,0.0,0.0
1627481373.509169,0.0,0.0
1627481373.5589616,0.0,0.0
1627481373.5731487,0.0,0.0
1627481373.622674,0.0,0.0
1627481373.644333,0.0,0.0
1627481373.6932473,0.0,0.0
1627481373.7178388,0.0,0.0
1627481373.7670426,0.0,0.0
1627481373.8122728,0.0,0.0
1627481373.8312967,0.0,0.0
1627481373.8805244,0.0,0.0
1627481373.8993363,0.0,0.0
1627481373.9468732,0.0,0.0
1627481373.969701,0.0,0.0
1627481374.0148013,0.0,0.0
1627481374.05662,0.0,0.0
1627481374.0745568,0.0,0.0
1627481374.1247647,0.0,0.0
1627481374.1485536,0.0,0.0
1627481374.1967237,0.0,0.0
1627481374.2367024,0.0,0.0
1627481374.2593887,0.0,0.0
1627481374.3118653,0.0,0.0
1627481374.3471634,0.0,0.0
1627481374.4225433,0.0,0.0
1627481374.4492943,0.0,0.0
1627481374.5035985,0.0,0.0
1627481374.5263858,0.0,0.0
1627481374.5779848,0.0,0.0
1627481374.598773,0.0,0.0
1627481374.6498263,0.0,0.0
1627481374.6765468,0.0,0.0
1627481374.7287233,0.0,0.0
1627481374.7742949,0.0,0.0
1627481374.7929919,0.0,0.0
1627481374.843724,0.0,0.0
1627481374.8585467,0.0,0.0
1627481374.9071145,0.0,0.0
1627481374.9475005,0.0,0.0
1627481374.9966626,0.0,0.0
1627481375.0218382,0.0,0.0
1627481375.0713208,0.0,0.0
1627481375.1239798,0.0,0.0
1627481375.1734264,0.0,0.0
1627481375.1986914,0.0,0.0
1627481375.252122,0.0,0.0
1627481375.2989604,0.0,0.0
1627481375.3186562,0.0,0.0
1627481375.3645558,0.0,0.0
1627481375.3901467,0.0,0.0
1627481375.4423733,0.0,0.0
1627481375.4968967,0.0,0.0
1627481375.5491915,0.0,0.0
1627481375.574568,0.0,0.0
1627481375.622005,0.0,0.0
1627481375.6735532,0.0,0.0
1627481375.6890721,0.0,0.0
1627481375.741557,0.0,0.0
1627481375.7732878,0.0,0.0
1627481375.8259816,0.0,0.0
1627481375.8738089,0.0,0.0
1627481375.8945646,0.0,0.0
1627481375.9468846,0.0,0.0
1627481375.971438,0.0,0.0
1627481376.0223184,0.0,0.0
1627481376.0673025,0.0,0.0
1627481376.0866632,0.0,0.0
1627481376.1419468,0.0,0.0
1627481376.156504,0.0,0.0
1627481376.2071962,0.0,0.0
1627481376.24641,0.0,0.0
1627481376.29611,0.0,0.0
1627481376.3412983,0.0,0.0
1627481376.3601332,0.0,0.0
1627481376.4092414,0.0,0.0
1627481376.4291525,0.0,0.0
1627481376.4787803,0.0,0.0
1627481376.5034423,0.0,0.0
1627481376.5531025,0.0,0.0
1627481376.5973458,0.0,0.0
1627481376.6110206,0.0,0.0
1627481376.6607804,0.0,0.0
1627481376.6858068,0.0,0.0
1627481376.7344162,0.0,0.0
1627481376.7799234,0.0,0.0
1627481376.8033173,0.0,0.0
1627481376.848589,0.0,0.0
1627481376.867609,0.0,0.0
1627481376.9161747,0.0,0.0
1627481376.9432108,0.0,0.0
1627481376.992539,0.0,0.0
1627481377.038916,0.0,0.0
1627481377.0891025,0.0,0.0
1627481377.137988,0.0,0.0
1627481377.1882076,0.0,0.0
1627481377.2126832,0.0,0.0
1627481377.262822,0.0,0.0
1627481377.3080966,0.0,0.0
1627481377.3315756,0.0,0.0
1627481377.3767207,0.0,0.0
1627481377.3914301,0.0,0.0
1627481377.4415507,0.0,0.0
1627481377.4867232,0.0,0.0
1627481377.5152264,0.0,0.0
1627481377.5606103,0.0,0.0
1627481377.5756974,0.0,0.0
1627481377.6234899,0.0,0.0
1627481377.6594143,0.0,0.0
1627481377.7088828,0.0,0.0
1627481377.733089,0.0,0.0
1627481377.7815433,0.0,0.0
1627481377.8014643,0.0,0.0
1627481377.8517501,0.0,0.0
1627481377.897221,0.0,0.0
1627481377.920754,0.0,0.0
1627481377.9713025,0.0,0.0
1627481377.9851654,0.0,0.0
1627481378.0334287,0.0,0.0
1627481378.0704887,0.0,0.0
1627481378.1188278,0.0,0.0
1627481378.1424625,0.0,0.0
1627481378.1900253,0.0,0.0
1627481378.2274976,0.0,0.0
1627481378.2740119,0.0,0.0
1627481378.315705,0.0,0.0
1627481378.3341718,0.0,0.0
1627481378.382374,0.0,0.0
1627481378.4007592,0.0,0.0
1627481378.4479225,0.0,0.0
1627481378.4886029,0.0,0.0
1627481378.506639,0.0,0.0
1627481378.551967,0.0,0.0
1627481378.5792778,0.0,0.0
1627481378.6248765,0.0,0.0
1627481378.6936226,0.0,0.0
1627481378.7297075,0.0,0.0
1627481378.778162,0.0,0.0
1627481378.7925892,0.0,0.0
1627481378.8344493,0.0,0.0
1627481378.8650255,0.0,0.0
1627481378.9113286,0.0,0.0
1627481378.953674,0.0,0.0
1627481378.996337,0.0,0.0
1627481379.0171633,0.0,0.0
1627481379.0572946,0.0,0.0
1627481379.0980654,0.0,0.0
1627481379.1498332,0.0,0.0
1627481379.1740491,0.0,0.0
1627481379.2228656,0.0,0.0
1627481379.2688131,0.0,0.0
1627481379.2929385,0.0,0.0
1627481379.337251,0.0,0.0
1627481379.3514655,0.0,0.0
1627481379.4010441,0.0,0.0
1627481379.4573874,0.0,0.0
1627481379.4983807,0.0,0.0
1627481379.5565643,0.0,0.0
1627481379.5769584,0.0,0.0
1627481379.62844,0.0,0.0
1627481379.6525218,0.0,0.0
1627481379.701078,0.0,0.0
1627481379.748193,0.0,0.0
1627481379.7955122,0.0,0.0
1627481379.839898,0.0,0.0
1627481379.8601499,0.0,0.0
1627481379.908939,0.0,0.0
1627481379.930901,0.0,0.0
1627481379.9778845,0.0,0.0
1627481380.0200303,0.0,0.0
1627481380.066667,0.0,0.0
1627481380.1086876,0.0,0.0
1627481380.1356754,0.0,0.0
1627481380.1760087,0.0,0.0
1627481380.1938462,0.0,0.0
1627481380.2411587,0.0,0.0
1627481380.3099854,0.0,0.0
1627481380.3418255,0.0,0.0
1627481380.3893297,0.0,0.0
1627481380.412296,0.0,0.0
1627481380.460207,0.0,0.0
1627481380.5025315,0.0,0.0
1627481380.5165284,0.0,0.0
1627481380.565361,0.0,0.0
1627481380.6093981,0.0,0.0
1627481380.6324954,0.0,0.0
1627481380.6761642,0.0,0.0
1627481380.6945767,0.0,0.0
1627481380.7410314,0.0,0.0
1627481380.7699823,0.0,0.0
1627481380.8176644,0.0,0.0
1627481380.841972,0.0,0.0
1627481380.8882835,0.0,0.0
1627481380.9312952,0.0,0.0
1627481380.9511871,0.0,0.0
1627481381.0005429,0.0,0.0
1627481381.0185382,0.0,0.0
1627481381.0645735,0.0,0.0
1627481381.1084144,0.0,0.0
1627481381.1345692,0.0,0.0
1627481381.1788588,0.0,0.0
1627481381.1996372,0.0,0.0
1627481381.2478516,0.0,0.0
1627481381.292107,0.0,0.0
1627481381.3159444,0.0,0.0
1627481381.358992,0.0,0.0
1627481381.3724506,0.0,0.0
1627481381.4209242,0.0,0.0
1627481381.4668503,0.0,0.0
1627481381.4787178,0.0,0.0
1627481381.5266128,0.0,0.0
1627481381.569156,0.0,0.0
1627481381.5967543,0.0,0.0
1627481381.639618,0.0,0.0
1627481381.6532981,0.0,0.0
1627481381.7012815,0.0,0.0
1627481381.7448428,0.0,0.0
1627481381.7677772,0.0,0.0
1627481381.8145628,0.0,0.0
1627481381.8326707,0.0,0.0
1627481381.8802242,0.0,0.0
1627481381.898486,0.0,0.0
1627481381.9459567,0.0,0.0
1627481381.9884796,0.0,0.0
1627481382.0070002,0.0,0.0
1627481382.0557346,0.0,0.0
1627481382.0812197,0.0,0.0
1627481382.12578,0.0,0.0
1627481382.1714678,0.0,0.0
1627481382.1897433,0.0,0.0
1627481382.236155,0.0,0.0
1627481382.2597868,0.0,0.0
1627481382.307664,0.0,0.0
1627481382.358832,0.0,0.0
1627481382.375093,0.0,0.0
1627481382.4277785,0.0,0.0
1627481382.4539287,0.0,0.0
1627481382.5324292,0.0,0.0
1627481382.5893035,0.0,0.0
1627481382.6379251,0.0,0.0
1627481382.6864874,0.0,0.0
1627481382.7371254,0.0,0.0
1627481382.7640376,0.0,0.0
1627481382.8148491,0.0,0.0
1627481382.8357844,0.0,0.0
1627481382.886825,0.0,0.0
1627481382.9364812,0.0,0.0
1627481382.988625,0.0,0.0
1627481383.0145195,0.0,0.0
1627481383.0647194,0.0,0.0
1627481383.086071,0.0,0.0
1627481383.1406507,0.0,0.0
1627481383.166511,0.0,0.0
1627481383.2168736,0.0,0.0
1627481383.236794,0.0,0.0
1627481383.288958,0.0,0.0
1627481383.342556,0.0,0.0
1627481383.3921824,0.0,0.0
1627481383.4171958,0.0,0.0
1627481383.4701772,0.0,0.0
1627481383.516091,0.0,0.0
1627481383.5347447,0.0,0.0
1627481383.5842505,0.0,0.0
1627481383.604199,0.0,0.0
1627481383.652546,0.0,0.0
1627481383.6966412,0.0,0.0
1627481383.7228081,0.0,0.0
1627481383.7718754,0.0,0.0
1627481383.7910867,0.0,0.0
1627481383.838483,0.0,0.0
1627481383.8631513,0.0,0.0
1627481383.9113271,0.0,0.0
1627481383.935475,0.0,0.0
1627481383.9946408,0.0,0.0
1627481384.0290945,0.0,0.0
1627481384.0945554,0.0,0.0
1627481384.1178536,0.0,0.0
1627481384.169235,0.0,0.0
1627481384.214228,0.0,0.0
1627481384.2329834,0.0,0.0
1627481384.2829936,0.0,0.0
1627481384.3023229,0.0,0.0
1627481384.3508818,0.0,0.0
1627481384.3763618,0.0,0.0
1627481384.4249465,0.0,0.0
1627481384.4695935,0.0,0.0
1627481384.5179014,0.0,0.0
1627481384.5629096,0.0,0.0
1627481384.5864222,0.0,0.0
1627481384.6348915,0.0,0.0
1627481384.6536813,0.0,0.0
1627481384.702897,0.0,0.0
1627481384.7230594,0.0,0.0
1627481384.7713826,0.0,0.0
1627481384.7954867,0.0,0.0
1627481384.8423202,0.0,0.0
1627481384.8843017,0.0,0.0
1627481384.9069643,0.0,0.0
1627481384.9489198,0.0,0.0
1627481384.96778,0.0,0.0
1627481385.0142183,0.0,0.0
1627481385.036943,0.0,0.0
1627481385.082764,0.0,0.0
1627481385.1236415,0.0,0.0
1627481385.1373873,0.0,0.0
1627481385.185132,0.0,0.0
1627481385.2226202,0.0,0.0
1627481385.268714,0.0,0.0
1627481385.3104172,0.0,0.0
1627481385.3553357,0.0,0.0
1627481385.3967211,0.0,0.0
1627481385.4148035,0.0,0.0
1627481385.4613378,0.0,0.0
1627481385.5016422,0.0,0.0
1627481385.515085,0.0,0.0
1627481385.562996,0.0,0.0
1627481385.6065915,0.0,0.0
1627481385.6202455,0.0,0.0
1627481385.6656833,0.0,0.0
1627481385.706068,0.0,0.0
1627481385.7514825,0.0,0.0
1627481385.7745123,0.0,0.0
1627481385.8200965,0.0,0.0
1627481385.8612564,0.0,0.0
1627481385.9064484,0.0,0.0
1627481385.9525824,0.0,0.0
1627481385.9661975,0.0,0.0
1627481386.0115576,0.0,0.0
1627481386.0411582,0.0,0.0
1627481386.086884,0.0,0.0
1627481386.1317184,0.0,0.0
1627481386.1554527,0.0,0.0
1627481386.2054813,0.0,0.0
1627481386.2557497,0.0,0.0
1627481386.2704682,0.0,0.0
1627481386.317209,0.0,0.0
1627481386.3598351,0.0,0.0
1627481386.4047456,0.0,0.0
1627481386.428926,0.0,0.0
1627481386.4753144,0.0,0.0
1627481386.521542,0.0,0.0
1627481386.5668762,0.0,0.0
1627481386.612572,0.0,0.0
1627481386.6586268,0.0,0.0
1627481386.7046454,0.0,0.0
1627481386.751119,0.0,0.0
1627481386.797181,0.0,0.0
1627481386.842337,0.0,0.0
1627481386.866466,0.0,0.0
1627481386.9155512,0.0,0.0
1627481386.9659102,0.0,0.0
1627481387.0136664,0.0,0.0
1627481387.0564005,0.0,0.0
1627481387.102209,0.0,0.0
1627481387.1428828,0.0,0.0
1627481387.1661503,0.0,0.0
1627481387.2100856,0.0,0.0
1627481387.2331486,0.0,0.0
1627481387.2826211,0.0,0.0
1627481387.3316932,0.0,0.0
1627481387.346684,0.0,0.0
1627481387.395302,0.0,0.0
1627481387.44144,0.0,0.0
1627481387.4731238,0.0,0.0
1627481387.5207193,0.0,0.0
1627481387.53913,0.0,0.0
1627481387.587779,0.0,0.0
1627481387.607794,0.0,0.0
1627481387.6602092,0.0,0.0
1627481387.6852484,0.0,0.0
1627481387.7336488,0.0,0.0
1627481387.774766,0.0,0.0
1627481387.823587,0.0,0.0
1627481387.864603,0.0,0.0
1627481387.91311,0.0,0.0
1627481387.958483,0.0,0.0
1627481388.0082688,0.0,0.0
1627481388.055824,0.0,0.0
1627481388.1061237,0.0,0.0
1627481388.1506395,0.0,0.0
1627481388.174324,0.0,0.0
1627481388.218931,0.0,0.0
1627481388.2322447,0.0,0.0
1627481388.2813213,0.0,0.0
1627481388.324413,0.0,0.0
1627481388.342667,0.0,0.0
1627481388.3934333,0.0,0.0
1627481388.4211552,0.0,0.0
1627481388.468402,0.0,0.0
1627481388.4911697,0.0,0.0
1627481388.5359259,0.0,0.0
1627481388.5770767,0.0,0.0
1627481388.6000938,0.0,0.0
1627481388.6407325,0.0,0.0
1627481388.66403,0.0,0.0
1627481388.7107122,0.0,0.0
1627481388.7535758,0.0,0.0
1627481388.7676945,0.0,0.0
1627481388.816252,0.0,0.0
1627481388.8571517,0.0,0.0
1627481388.8758144,0.0,0.0
1627481388.9208548,0.0,0.0
1627481388.9388635,0.0,0.0
1627481388.9858954,0.0,0.0
1627481389.0398471,0.0,0.0
1627481389.0691876,0.0,0.0
1627481389.1315203,0.0,0.0
1627481389.1499515,0.0,0.0
1627481389.1989067,0.0,0.0
1627481389.2221236,0.0,0.0
1627481389.2682395,0.0,0.0
1627481389.3138137,0.0,0.0
1627481389.3267608,0.0,0.0
1627481389.372826,0.0,0.0
1627481389.417222,0.0,0.0
1627481389.4359198,0.0,0.0
1627481389.4813757,0.0,0.0
1627481389.5035326,0.0,0.0
1627481389.5506756,0.0,0.0
1627481389.596199,0.0,0.0
1627481389.613894,0.0,0.0
1627481389.6591449,0.0,0.0
1627481389.704657,0.0,0.0
1627481389.7181382,0.0,0.0
1627481389.7657876,0.0,0.0
1627481389.8122327,0.0,0.0
1627481389.8339858,0.0,0.0
1627481389.9111218,0.0,0.0
1627481389.9562912,0.0,0.0
1627481390.0034928,0.0,0.0
1627481390.0266626,0.0,0.0
1627481390.0737658,0.0,0.0
1627481390.1205897,0.0,0.0
1627481390.1347027,0.0,0.0
1627481390.182908,0.0,0.0
1627481390.2251878,0.0,0.0
1627481390.273563,0.0,0.0
1627481390.292124,0.0,0.0
1627481390.3399594,0.0,0.0
1627481390.3621564,0.0,0.0
1627481390.40745,0.0,0.0
1627481390.45347,0.0,0.0
1627481390.4717069,0.0,0.0
1627481390.517797,0.0,0.0
1627481390.5464878,0.0,0.0
1627481390.5940573,0.0,0.0
1627481390.6223226,0.0,0.0
1627481390.698894,0.0,0.0
1627481390.749475,0.0,0.0
1627481390.7675176,0.0,0.0
1627481390.8089268,0.0,0.0
1627481390.8268626,0.0,0.0
1627481390.8736255,0.0,0.0
1627481390.896902,0.0,0.0
1627481390.9431226,0.0,0.0
1627481390.9858353,0.0,0.0
1627481391.0050027,0.0,0.0
1627481391.051273,0.0,0.0
1627481391.0744753,0.0,0.0
1627481391.1250198,0.0,0.0
1627481391.1689293,0.0,0.0
1627481391.1840162,0.0,0.0
1627481391.2360456,0.0,0.0
1627481391.2644243,0.0,0.0
1627481391.314149,0.0,0.0
1627481391.3580759,0.0,0.0
1627481391.3767035,0.0,0.0
1627481391.4137406,0.0,0.0
1627481391.44555,0.0,0.0
1627481391.5296779,0.0,0.0
1627481391.5733924,0.0,0.0
1627481391.6211092,0.0,0.0
1627481391.6638281,0.0,0.0
1627481391.6866174,0.0,0.0
1627481391.7337718,0.0,0.0
1627481391.752613,0.0,0.0
1627481391.800198,0.0,0.0
1627481391.8283234,0.0,0.0
1627481391.8744414,0.0,0.0
1627481391.898045,0.0,0.0
1627481391.9459045,0.0,0.0
1627481391.9898286,0.0,0.0
1627481392.0033038,0.0,0.0
1627481392.0513725,0.0,0.0
1627481392.094517,0.0,0.0
1627481392.1085238,0.0,0.0
1627481392.157631,0.0,0.0
1627481392.200659,0.0,0.0
1627481392.2142744,0.0,0.0
1627481392.2642293,0.0,0.0
1627481392.300691,0.0,0.0
1627481392.3474193,0.0,0.0
1627481392.3883302,0.0,0.0
1627481392.401978,0.0,0.0
1627481392.4476871,0.0,0.0
1627481392.491312,0.0,0.0
1627481392.5381684,0.0,0.0
1627481392.5565507,0.0,0.0
1627481392.6017976,0.0,0.0
1627481392.6434147,0.0,0.0
1627481392.6571102,0.0,0.0
1627481392.7038255,0.0,0.0
1627481392.7474835,0.0,0.0
1627481392.7612786,0.0,0.0
1627481392.80774,0.0,0.0
1627481392.8469238,0.0,0.0
1627481392.8944917,0.0,0.0
1627481392.946903,0.0,0.0
1627481393.0260534,0.0,0.0
1627481393.069009,0.0,0.0
1627481393.116201,0.0,0.0
1627481393.1435828,0.0,0.0
1627481393.189978,0.0,0.0
1627481393.2336183,0.0,0.0
1627481393.2834587,0.0,0.0
1627481393.3062847,0.0,0.0
1627481393.3528876,0.0,0.0
1627481393.3947933,0.0,0.0
1627481393.441067,0.0,0.0
1627481393.4885054,0.0,0.0
1627481393.5066707,0.0,0.0
1627481393.5539284,0.0,0.0
1627481393.5775356,0.0,0.0
1627481393.6246068,0.0,0.0
1627481393.6663713,0.0,0.0
1627481393.6849048,0.0,0.0
1627481393.7342463,0.0,0.0
1627481393.7579994,0.0,0.0
1627481393.8068132,0.0,0.0
1627481393.8575237,0.0,0.0
1627481393.9048977,0.0,0.0
1627481393.9520178,0.0,0.0
1627481393.999366,0.0,0.0
1627481394.0431592,0.0,0.0
1627481394.0906188,0.0,0.0
1627481394.1329215,0.0,0.0
1627481394.155724,0.0,0.0
1627481394.2028923,0.0,0.0
1627481394.2210069,0.0,0.0
1627481394.2706404,0.0,0.0
1627481394.2936094,0.0,0.0
1627481394.3407059,0.0,0.0
1627481394.3833625,0.0,0.0
1627481394.4018464,0.0,0.0
1627481394.4500108,0.0,0.0
1627481394.4741817,0.0,0.0
1627481394.5218163,0.0,0.0
1627481394.5689235,0.0,0.0
1627481394.5821006,0.0,0.0
1627481394.6282136,0.0,0.0
1627481394.666257,0.0,0.0
1627481394.714023,0.0,0.0
1627481394.7380176,0.0,0.0
1627481394.784746,0.0,0.0
1627481394.8276877,0.0,0.0
1627481394.8507562,0.0,0.0
1627481394.8882358,0.0,0.0
1627481394.911178,0.0,0.0
1627481394.958656,0.0,0.0
1627481395.0007305,0.0,0.0
1627481395.0281985,0.0,0.0
1627481395.070301,0.0,0.0
1627481395.0887527,0.0,0.0
1627481395.1356184,0.0,0.0
1627481395.1588523,0.0,0.0
1627481395.2058983,0.0,0.0
1627481395.2480798,0.0,0.0
1627481395.2682095,0.0,0.0
1627481395.3155694,0.0,0.0
1627481395.3388555,0.0,0.0
1627481395.385418,0.0,0.0
1627481395.42752,0.0,0.0
1627481395.4557757,0.0,0.0
1627481395.5039365,0.0,0.0
1627481395.5238721,0.0,0.0
1627481395.5717356,0.0,0.0
1627481395.5908878,0.0,0.0
1627481395.639565,0.0,0.0
1627481395.6859553,0.0,0.0
1627481395.70053,0.0,0.0
1627481395.7466822,0.0,0.0
1627481395.7833247,0.0,0.0
1627481395.8313267,0.0,0.0
1627481395.8877091,0.0,0.0
1627481395.9103713,0.0,0.0
1627481395.97949,0.0,0.0
1627481396.0028012,0.0,0.0
1627481396.0500035,0.0,0.0
1627481396.0918906,0.0,0.0
1627481396.1103978,0.0,0.0
1627481396.1526675,0.0,0.0
1627481396.1909873,0.0,0.0
1627481396.2391174,0.0,0.0
1627481396.2832184,0.0,0.0
1627481396.32913,0.0,0.0
1627481396.3770273,0.0,0.0
1627481396.4233024,0.0,0.0
1627481396.4706016,0.0,0.0
1627481396.5198977,0.0,0.0
1627481396.5655217,0.0,0.0
1627481396.6123435,0.0,0.0
1627481396.6559918,0.0,0.0
1627481396.704454,0.0,0.0
1627481396.7289355,0.0,0.0
1627481396.779611,0.0,0.0
1627481396.804083,0.0,0.0
1627481396.8526897,0.0,0.0
1627481396.8762047,0.0,0.0
1627481396.9198709,0.0,0.0
1627481396.9679873,0.0,0.0
1627481396.987359,0.0,0.0
1627481397.0359879,0.0,0.0
1627481397.0592053,0.0,0.0
1627481397.1078327,0.0,0.0
1627481397.1505208,0.0,0.0
1627481397.1704552,0.0,0.0
1627481397.2186077,0.0,0.0
1627481397.23695,0.0,0.0
1627481397.2870307,0.0,0.0
1627481397.3143551,0.0,0.0
1627481397.3614821,0.0,0.0
1627481397.4045262,0.0,0.0
1627481397.4277546,0.0,0.0
1627481397.4702926,0.0,0.0
1627481397.4836557,0.0,0.0
1627481397.5314956,0.0,0.0
1627481397.5796175,0.0,0.0
1627481397.6271493,0.0,0.0
1627481397.6758754,0.0,0.0
1627481397.7261372,0.0,0.0
1627481397.771619,0.0,0.0
1627481397.821521,0.0,0.0
1627481397.8660712,0.0,0.0
1627481397.9148216,0.0,0.0
1627481397.9627333,0.0,0.0
1627481398.010868,0.0,0.0
1627481398.0598495,0.0,0.0
1627481398.1074717,0.0,0.0
1627481398.1505163,0.0,0.0
1627481398.174304,0.0,0.0
1627481398.2216704,0.0,0.0
1627481398.2355664,0.0,0.0
1627481398.2856524,0.0,0.0
1627481398.3249004,0.0,0.0
1627481398.3719792,0.0,0.0
1627481398.4006004,0.0,0.0
1627481398.4484394,0.0,0.0
1627481398.4726553,0.0,0.0
1627481398.5205245,0.0,0.0
1627481398.5647378,0.0,0.0
1627481398.584906,0.0,0.0
1627481398.622381,0.0,0.0
1627481398.6656003,0.0,0.0
1627481398.712828,0.0,0.0
1627481398.738263,0.0,0.0
1627481398.7851713,0.0,0.0
1627481398.82786,0.0,0.0
1627481398.8748507,0.0,0.0
1627481398.917429,0.0,0.0
1627481398.9313803,0.0,0.0
1627481398.9795291,0.0,0.0
1627481399.021532,0.0,0.0
1627481399.0354078,0.0,0.0
1627481399.0828676,0.0,0.0
1627481399.1255522,0.0,0.0
1627481399.1436546,0.0,0.0
1627481399.1905403,0.0,0.0
1627481399.218529,0.0,0.0
1627481399.2684321,0.0,0.0
1627481399.3115866,0.0,0.0
1627481399.360394,0.0,0.0
1627481399.402634,0.0,0.0
1627481399.416188,0.0,0.0
1627481399.4636223,0.0,0.0
1627481399.503143,0.0,0.0
1627481399.5504353,0.0,0.0
