time,v,omega
1627303664.3549383,0.0,0.0
1627303664.3784842,0.0,0.0
1627303664.4348493,0.0,0.0
1627303664.4589505,0.0,0.0
1627303664.5105443,0.0,0.0
1627303664.5300305,0.0,0.0
1627303664.5793939,0.0,0.0
1627303664.623328,0.0,0.0
1627303664.673234,0.0,0.0
1627303664.7192113,0.0,0.0
1627303664.7684064,0.0,0.0
1627303664.8184545,0.0,0.0
1627303664.8663955,0.0,0.0
1627303664.919628,0.0,0.0
1627303664.9692926,0.0,0.0
1627303665.008987,0.0,0.0
1627303665.0904047,0.0,0.0
1627303665.1467357,0.0,0.0
1627303665.1951826,0.0,0.0
1627303665.214358,0.0,0.0
1627303665.268771,0.0,0.0
1627303665.2948601,0.0,0.0
1627303665.347338,0.0,0.0
1627303665.3937652,0.0,0.0
1627303665.4143758,0.0,0.0
1627303665.4683793,0.0,0.0
1627303665.4836128,0.0,0.0
1627303665.5340564,0.0,0.0
1627303665.5700502,0.0,0.0
1627303665.6232238,0.0,0.0
1627303665.6696346,0.0,0.0
1627303665.7229125,0.0,0.0
1627303665.7692087,0.0,0.0
1627303665.8195705,0.0,0.0
1627303665.8662522,0.0,0.0
1627303665.885102,0.0,0.0
1627303665.9346278,0.0,0.0
1627303665.9747117,0.0,0.0
1627303666.0258577,0.0,0.0
1627303666.072946,0.0,0.0
1627303666.1222224,0.0,0.0
1627303666.168829,0.0,0.0
1627303666.1940255,0.0,0.0
1627303666.2415948,0.0,0.0
1627303666.262735,0.0,0.0
1627303666.3140328,0.0,0.0
1627303666.3357432,0.0,0.0
1627303666.3860571,0.0,0.0
1627303666.4364715,0.0,0.0
1627303666.4873297,0.0,0.0
1627303666.5339053,0.0,0.0
1627303666.584363,0.0,0.0
1627303666.6337106,0.0,0.0
1627303666.654436,0.0,0.0
1627303666.7045124,0.0,0.0
1627303666.725881,0.0,0.0
1627303666.7776556,0.0,0.0
1627303666.8236356,0.0,0.0
1627303666.8406017,0.0,0.0
1627303666.8931983,0.0,0.0
1627303666.9087024,0.0,0.0
1627303666.9594653,0.0,0.0
1627303667.0075424,0.0,0.0
1627303667.023562,0.0,0.0
1627303667.0741272,0.0,0.0
1627303667.094617,0.0,0.0
1627303667.1456573,0.0,0.0
1627303667.1967757,0.0,0.0
1627303667.2476861,0.0,0.0
1627303667.2990842,0.0,0.0
1627303667.350062,0.0,0.0
1627303667.4007063,0.0,0.0
1627303667.4518592,0.0,0.0
1627303667.499217,0.0,0.0
1627303667.549928,0.0,0.0
1627303667.570597,0.0,0.0
1627303667.6230857,0.0,0.0
1627303667.6503317,0.0,0.0
1627303667.700245,0.0,0.0
1627303667.7501304,0.0,0.0
1627303667.8003583,0.0,0.0
1627303667.82613,0.0,0.0
1627303667.876766,0.0,0.0
1627303667.9277418,0.0,0.0
1627303667.9776225,0.0,0.0
1627303668.002752,0.0,0.0
1627303668.0529585,0.0,0.0
1627303668.1031756,0.0,0.0
1627303668.153076,0.0,0.0
1627303668.1984696,0.0,0.0
1627303668.2499685,0.0,0.0
1627303668.2705147,0.0,0.0
1627303668.3208346,0.0,0.0
1627303668.341472,0.0,0.0
1627303668.3917818,0.0,0.0
1627303668.445767,0.0,0.0
1627303668.4976902,0.0,0.0
1627303668.5169973,0.0,0.0
1627303668.5675933,0.0,0.0
1627303668.6207669,0.0,0.0
1627303668.6972091,0.0,0.0
1627303668.7594857,0.0,0.0
1627303668.810188,0.0,0.0
1627303668.830333,0.0,0.0
1627303668.8811874,0.0,0.0
1627303668.895809,0.0,0.0
1627303668.9468064,0.0,0.0
1627303668.9929297,0.0,0.0
1627303669.0080605,0.0,0.0
1627303669.0589585,0.0,0.0
1627303669.0794082,0.0,0.0
1627303669.1302354,0.0,0.0
1627303669.156321,0.0,0.0
1627303669.2069428,0.0,0.0
1627303669.2555528,0.0,0.0
1627303669.274882,0.0,0.0
1627303669.3248043,0.0,0.0
1627303669.347366,0.0,0.0
1627303669.397736,0.0,0.0
1627303669.422934,0.0,0.0
1627303669.4745426,0.0,0.0
1627303669.5206044,0.0,0.0
1627303669.536154,0.0,0.0
1627303669.5870547,0.0,0.0
1627303669.6261225,0.0,0.0
1627303669.6782784,0.0,0.0
1627303669.722621,0.0,0.0
1627303669.7732997,0.0,0.0
1627303669.8195727,0.0,0.0
1627303669.8399935,0.0,0.0
1627303669.8813262,0.0,0.0
1627303669.9016113,0.0,0.0
1627303669.9524288,0.0,0.0
1627303669.9991474,0.0,0.0
1627303670.0144005,0.0,0.0
1627303670.0662453,0.0,0.0
1627303670.086768,0.0,0.0
1627303670.136304,0.0,0.0
1627303670.182716,0.0,0.0
1627303670.1980598,0.0,0.0
1627303670.2527409,0.0,0.0
1627303670.2739725,0.0,0.0
1627303670.3234258,0.0,0.0
1627303670.3677948,0.0,0.0
1627303670.3830926,0.0,0.0
1627303670.4311967,0.0,0.0
1627303670.451543,0.0,0.0
1627303670.5009232,0.0,0.0
1627303670.5440636,0.0,0.0
1627303670.564273,0.0,0.0
1627303670.6091144,0.0,0.0
1627303670.6292658,0.0,0.0
1627303670.6799922,0.0,0.0
1627303670.7051084,0.0,0.0
1627303670.7536664,0.0,0.0
1627303670.8027632,0.0,0.0
1627303670.8539374,0.0,0.0
1627303670.9013155,0.0,0.0
1627303670.9501874,0.0,0.0
1627303670.993278,0.0,0.0
1627303671.0411346,0.0,0.0
1627303671.0887153,0.0,0.0
1627303671.1038895,0.0,0.0
1627303671.152055,0.0,0.0
1627303671.1758776,0.0,0.0
1627303671.2234533,0.0,0.0
1627303671.271873,0.0,0.0
1627303671.3210444,0.0,0.0
1627303671.36525,0.0,0.0
1627303671.3801882,0.0,0.0
1627303671.428884,0.0,0.0
1627303671.480092,0.0,0.0
1627303671.532459,0.0,0.0
1627303671.606688,0.0,0.0
1627303671.6805084,0.0,0.0
1627303671.70515,0.0,0.0
1627303671.753349,0.0,0.0
1627303671.7802315,0.0,0.0
1627303671.829546,0.0,0.0
1627303671.8696444,0.0,0.0
1627303671.917473,0.0,0.0
1627303671.9612389,0.0,0.0
1627303672.008555,0.0,0.0
1627303672.0240154,0.0,0.0
1627303672.0730138,0.0,0.0
1627303672.117962,0.0,0.0
1627303672.166921,0.0,0.0
1627303672.187142,0.0,0.0
1627303672.2351599,0.0,0.0
1627303672.2835221,0.0,0.0
1627303672.331451,0.0,0.0
1627303672.3796139,0.0,0.0
1627303672.4271424,0.0,0.0
1627303672.477083,0.0,0.0
1627303672.5248787,0.0,0.0
1627303672.5734682,0.0,0.0
1627303672.6234221,0.0,0.0
1627303672.672661,0.0,0.0
1627303672.7224393,0.0,0.0
1627303672.7695858,0.0,0.0
1627303672.8197293,0.0,0.0
1627303672.8398073,0.0,0.0
1627303672.8874633,0.0,0.0
1627303672.935052,0.0,0.0
1627303672.9833355,0.0,0.0
1627303673.02644,0.0,0.0
1627303673.047061,0.0,0.0
1627303673.0969386,0.0,0.0
1627303673.126125,0.0,0.0
1627303673.174062,0.0,0.0
1627303673.2035458,0.0,0.0
1627303673.251725,0.0,0.0
1627303673.281666,0.0,0.0
1627303673.3302705,0.0,0.0
1627303673.3548462,0.0,0.0
1627303673.4022586,0.0,0.0
1627303673.4471056,0.0,0.0
1627303673.4676607,0.0,0.0
1627303673.5125406,0.0,0.0
1627303673.5320249,0.0,0.0
1627303673.5798447,0.0,0.0
1627303673.625765,0.0,0.0
1627303673.6411715,0.0,0.0
1627303673.689901,0.0,0.0
1627303673.7300131,0.0,0.0
1627303673.7796686,0.0,0.0
1627303673.8221288,0.0,0.0
1627303673.8468523,0.0,0.0
1627303673.8911493,0.0,0.0
1627303673.9113095,0.0,0.0
1627303673.9601,0.0,0.0
1627303674.0047112,0.0,0.0
1627303674.02864,0.0,0.0
1627303674.0726974,0.0,0.0
1627303674.0929348,0.0,0.0
1627303674.1413836,0.0,0.0
1627303674.1864746,0.0,0.0
1627303674.2067127,0.0,0.0
1627303674.2556643,0.0,0.0
1627303674.2710638,0.0,0.0
1627303674.3184667,0.0,0.0
1627303674.3544502,0.0,0.0
1627303674.4030743,0.0,0.0
1627303674.4537227,0.0,0.0
1627303674.5026655,0.0,0.0
1627303674.5472138,0.0,0.0
1627303674.5620573,0.0,0.0
1627303674.6132057,0.0,0.0
1627303674.637364,0.0,0.0
1627303674.6860228,0.0,0.0
1627303674.7342029,0.0,0.0
1627303674.7821007,0.0,0.0
1627303674.8254619,0.0,0.0
1627303674.8445148,0.0,0.0
1627303674.8889194,0.0,0.0
1627303674.913154,0.0,0.0
1627303674.9629698,0.0,0.0
1627303675.0064704,0.0,0.0
1627303675.0217032,0.0,0.0
1627303675.0709388,0.0,0.0
1627303675.1093533,0.0,0.0
1627303675.1598563,0.0,0.0
1627303675.2067473,0.0,0.0
1627303675.2311819,0.0,0.0
1627303675.2795548,0.0,0.0
1627303675.292244,0.0,0.0
1627303675.3432744,0.0,0.0
1627303675.3771863,0.0,0.0
1627303675.42504,0.0,0.0
1627303675.4736922,0.0,0.0
1627303675.488508,0.0,0.0
1627303675.5353212,0.0,0.0
1627303675.575233,0.0,0.0
1627303675.6249063,0.0,0.0
1627303675.6688218,0.0,0.0
1627303675.716671,0.0,0.0
1627303675.7653546,0.0,0.0
1627303675.8134797,0.0,0.0
1627303675.862661,0.0,0.0
1627303675.9145355,0.0,0.0
1627303675.9602034,0.0,0.0
1627303676.0093725,0.0,0.0
1627303676.0576189,0.0,0.0
1627303676.0735166,0.0,0.0
1627303676.1218195,0.0,0.0
1627303676.1467206,0.0,0.0
1627303676.1971219,0.0,0.0
1627303676.2445388,0.0,0.0
1627303676.2594492,0.0,0.0
1627303676.3080812,0.0,0.0
1627303676.3327255,0.0,0.0
1627303676.3805552,0.0,0.0
1627303676.427989,0.0,0.0
1627303676.4771583,0.0,0.0
1627303676.5250342,0.0,0.0
1627303676.573171,0.0,0.0
1627303676.6241462,0.0,0.0
1627303676.63931,0.0,0.0
1627303676.688626,0.0,0.0
1627303676.712751,0.0,0.0
1627303676.7622678,0.0,0.0
1627303676.807668,0.0,0.0
1627303676.8318133,0.0,0.0
1627303676.880677,0.0,0.0
1627303676.896316,0.0,0.0
1627303676.9425538,0.0,0.0
1627303676.990502,0.0,0.0
1627303677.0167153,0.0,0.0
1627303677.0633187,0.0,0.0
1627303677.0797749,0.0,0.0
1627303677.1305099,0.0,0.0
1627303677.1744332,0.0,0.0
1627303677.2239506,0.0,0.0
1627303677.2718866,0.0,0.0
1627303677.2920682,0.0,0.0
1627303677.3425705,0.0,0.0
1627303677.3587573,0.0,0.0
1627303677.411883,0.0,0.0
1627303677.454816,0.0,0.0
1627303677.5073595,0.0,0.0
1627303677.531422,0.0,0.0
1627303677.5818858,0.0,0.0
1627303677.6074393,0.0,0.0
1627303677.6586888,0.0,0.0
1627303677.6806798,0.0,0.0
1627303677.729425,0.0,0.0
1627303677.7707996,0.0,0.0
1627303677.7931564,0.0,0.0
1627303677.8457212,0.0,0.0
1627303677.876495,0.0,0.0
1627303677.9270647,0.0,0.0
1627303677.970265,0.0,0.0
1627303677.9922745,0.0,0.0
1627303678.044421,0.0,0.0
1627303678.0593479,0.0,0.0
1627303678.10997,0.0,0.0
1627303678.154359,0.0,0.0
1627303678.1695085,0.0,0.0
1627303678.219789,0.0,0.0
1627303678.244703,0.0,0.0
1627303678.2947063,0.0,0.0
1627303678.3401227,0.0,0.0
1627303678.3908393,0.0,0.0
1627303678.438789,0.0,0.0
1627303678.4599814,0.0,0.0
1627303678.505506,0.0,0.0
1627303678.520761,0.0,0.0
1627303678.5717623,0.0,0.0
1627303678.6174924,0.0,0.0
1627303678.6324508,0.0,0.0
1627303678.684625,0.0,0.0
1627303678.6996295,0.0,0.0
1627303678.7501621,0.0,0.0
1627303678.7956786,0.0,0.0
1627303678.815774,0.0,0.0
1627303678.860378,0.0,0.0
1627303678.8816338,0.0,0.0
1627303678.9319234,0.0,0.0
1627303678.9575255,0.0,0.0
1627303679.0082235,0.0,0.0
1627303679.0488133,0.0,0.0
1627303679.0694556,0.0,0.0
1627303679.1202855,0.0,0.0
1627303679.1408591,0.0,0.0
1627303679.1914246,0.0,0.0
1627303679.2422473,0.0,0.0
1627303679.2934532,0.0,0.0
1627303679.339156,0.0,0.0
1627303679.3885462,0.0,0.0
1627303679.4286256,0.0,0.0
1627303679.448895,0.0,0.0
1627303679.499803,0.0,0.0
1627303679.5202715,0.0,0.0
1627303679.5708973,0.0,0.0
1627303679.6165895,0.0,0.0
1627303679.6317384,0.0,0.0
1627303679.6829348,0.0,0.0
1627303679.7031825,0.0,0.0
1627303679.7540052,0.0,0.0
1627303679.7982452,0.0,0.0
1627303679.8488264,0.0,0.0
1627303679.8943632,0.0,0.0
1627303679.9447553,0.0,0.0
1627303679.989563,0.0,0.0
1627303680.0044026,0.0,0.0
1627303680.0542345,0.0,0.0
1627303680.0913773,0.0,0.0
1627303680.141701,0.0,0.0
1627303680.1926687,0.0,0.0
1627303680.2422807,0.0,0.0
1627303680.288155,0.0,0.0
1627303680.3081129,0.0,0.0
1627303680.34889,0.0,0.0
1627303680.3744774,0.0,0.0
1627303680.424818,0.0,0.0
1627303680.4709384,0.0,0.0
1627303680.4922953,0.0,0.0
1627303680.5373702,0.0,0.0
1627303680.5576046,0.0,0.0
1627303680.6076992,0.0,0.0
1627303680.632838,0.0,0.0
1627303680.685593,0.0,0.0
1627303680.7315958,0.0,0.0
1627303680.781763,0.0,0.0
1627303680.827258,0.0,0.0
1627303680.8421407,0.0,0.0
1627303680.8924472,0.0,0.0
1627303680.9241862,0.0,0.0
1627303680.9732707,0.0,0.0
1627303681.0037737,0.0,0.0
1627303681.054224,0.0,0.0
1627303681.0854952,0.0,0.0
1627303681.1340377,0.0,0.0
1627303681.1745791,0.0,0.0
1627303681.2243044,0.0,0.0
1627303681.2659752,0.0,0.0
1627303681.3121698,0.0,0.0
1627303681.353245,0.0,0.0
1627303681.39905,0.0,0.0
1627303681.4448428,0.0,0.0
1627303681.4962802,0.0,0.0
1627303681.5160093,0.0,0.0
1627303681.5669038,0.0,0.0
1627303681.6126857,0.0,0.0
1627303681.6642923,0.0,0.0
1627303681.7095122,0.0,0.0
1627303681.7604053,0.0,0.0
1627303681.8015642,0.0,0.0
1627303681.821635,0.0,0.0
1627303681.872159,0.0,0.0
1627303681.8926384,0.0,0.0
1627303681.9432383,0.0,0.0
1627303681.990164,0.0,0.0
1627303682.0100975,0.0,0.0
1627303682.0538054,0.0,0.0
1627303682.0692482,0.0,0.0
1627303682.1195154,0.0,0.0
1627303682.1650054,0.0,0.0
1627303682.17998,0.0,0.0
1627303682.229428,0.0,0.0
1627303682.2547538,0.0,0.0
1627303682.3052337,0.0,0.0
1627303682.3496869,0.0,0.0
1627303682.3995566,0.0,0.0
1627303682.4439907,0.0,0.0
1627303682.4642422,0.0,0.0
1627303682.5101504,0.0,0.0
1627303682.5355976,0.0,0.0
1627303682.5855873,0.0,0.0
1627303682.6302073,0.0,0.0
1627303682.6451027,0.0,0.0
1627303682.6986518,0.0,0.0
1627303682.7365413,0.0,0.0
1627303682.7865634,0.0,0.0
1627303682.8261077,0.0,0.0
1627303682.8514967,0.0,0.0
1627303682.897404,0.0,0.0
1627303682.9181087,0.0,0.0
1627303682.9682965,0.0,0.0
1627303683.0140696,0.0,0.0
1627303683.0294416,0.0,0.0
1627303683.0784688,0.0,0.0
1627303683.1040761,0.0,0.0
1627303683.1538415,0.0,0.0
1627303683.194534,0.0,0.0
1627303683.244606,0.0,0.0
1627303683.2888587,0.0,0.0
1627303683.339845,0.0,0.0
1627303683.384842,0.0,0.0
1627303683.3996136,0.0,0.0
1627303683.450561,0.0,0.0
1627303683.4833655,0.0,0.0
1627303683.533896,0.0,0.0
1627303683.5796444,0.0,0.0
1627303683.5950832,0.0,0.0
1627303683.644942,0.0,0.0
1627303683.693024,0.0,0.0
1627303683.7080138,0.0,0.0
1627303683.757982,0.0,0.0
1627303683.773252,0.0,0.0
1627303683.8242652,0.0,0.0
1627303683.8688045,0.0,0.0
1627303683.883552,0.0,0.0
1627303683.933948,0.0,0.0
1627303683.954327,0.0,0.0
1627303684.005697,0.0,0.0
1627303684.046238,0.0,0.0
1627303684.071803,0.0,0.0
1627303684.1124203,0.0,0.0
1627303684.132525,0.0,0.0
1627303684.1817489,0.0,0.0
1627303684.2278943,0.0,0.0
1627303684.2431092,0.0,0.0
1627303684.295043,0.0,0.0
1627303684.3197339,0.0,0.0
1627303684.3699992,0.0,0.0
1627303684.414967,0.0,0.0
1627303684.464692,0.0,0.0
1627303684.505763,0.0,0.0
1627303684.5306675,0.0,0.0
1627303684.571124,0.0,0.0
1627303684.5911198,0.0,0.0
1627303684.6416757,0.0,0.0
1627303684.6834526,0.0,0.0
1627303684.7078252,0.0,0.0
1627303684.7527547,0.0,0.0
1627303684.7675123,0.0,0.0
1627303684.8124871,0.0,0.0
1627303684.8614142,0.0,0.0
1627303684.8764336,0.0,0.0
1627303684.9270933,0.0,0.0
1627303684.9670985,0.0,0.0
1627303684.9928985,0.0,0.0
1627303685.032132,0.0,0.0
1627303685.0518105,0.0,0.0
1627303685.1024697,0.0,0.0
1627303685.1421614,0.0,0.0
1627303685.1623042,0.0,0.0
1627303685.2130063,0.0,0.0
1627303685.2323303,0.0,0.0
1627303685.282431,0.0,0.0
1627303685.3085876,0.0,0.0
1627303685.3596692,0.0,0.0
1627303685.4050977,0.0,0.0
1627303685.425506,0.0,0.0
1627303685.4703686,0.0,0.0
1627303685.48477,0.0,0.0
1627303685.5364223,0.0,0.0
1627303685.581219,0.0,0.0
1627303685.6015968,0.0,0.0
1627303685.6469846,0.0,0.0
1627303685.662034,0.0,0.0
1627303685.71422,0.0,0.0
1627303685.7515855,0.0,0.0
1627303685.8013275,0.0,0.0
1627303685.8457565,0.0,0.0
1627303685.8656933,0.0,0.0
1627303685.9106526,0.0,0.0
1627303685.9325356,0.0,0.0
1627303685.9834323,0.0,0.0
1627303686.0293138,0.0,0.0
1627303686.0446453,0.0,0.0
1627303686.0939555,0.0,0.0
1627303686.108992,0.0,0.0
1627303686.1584399,0.0,0.0
1627303686.2031105,0.0,0.0
1627303686.2185466,0.0,0.0
1627303686.2673447,0.0,0.0
1627303686.2877371,0.0,0.0
1627303686.337499,0.0,0.0
1627303686.3840637,0.0,0.0
1627303686.3996916,0.0,0.0
1627303686.4491825,0.0,0.0
1627303686.46931,0.0,0.0
1627303686.519621,0.0,0.0
1627303686.564848,0.0,0.0
1627303686.5849237,0.0,0.0
1627303686.6306763,0.0,0.0
1627303686.6510808,0.0,0.0
1627303686.7104967,0.0,0.0
1627303686.728144,0.0,0.0
1627303686.7776678,0.0,0.0
1627303686.8229167,0.0,0.0
1627303686.8427937,0.0,0.0
1627303686.8885434,0.0,0.0
1627303686.9087684,0.0,0.0
1627303686.9579914,0.0,0.0
1627303686.9984872,0.0,0.0
1627303687.0238469,0.0,0.0
1627303687.0697665,0.0,0.0
1627303687.090185,0.0,0.0
1627303687.1407287,0.0,0.0
1627303687.1867282,0.0,0.0
1627303687.201333,0.0,0.0
1627303687.251124,0.0,0.0
1627303687.2712026,0.0,0.0
1627303687.321801,0.0,0.0
1627303687.367545,0.0,0.0
1627303687.3879597,0.0,0.0
1627303687.4332273,0.0,0.0
1627303687.4529111,0.0,0.0
1627303687.500566,0.0,0.0
1627303687.539482,0.0,0.0
1627303687.5635793,0.0,0.0
1627303687.611345,0.0,0.0
1627303687.6261134,0.0,0.0
1627303687.6740067,0.0,0.0
1627303687.7196016,0.0,0.0
1627303687.7350302,0.0,0.0
1627303687.7825522,0.0,0.0
1627303687.8018615,0.0,0.0
1627303687.8492432,0.0,0.0
1627303687.8879774,0.0,0.0
1627303687.9076672,0.0,0.0
1627303687.9553232,0.0,0.0
1627303687.9847229,0.0,0.0
1627303688.0327013,0.0,0.0
1627303688.0611422,0.0,0.0
1627303688.1089156,0.0,0.0
1627303688.137559,0.0,0.0
1627303688.1804857,0.0,0.0
1627303688.2291195,0.0,0.0
1627303688.2436812,0.0,0.0
1627303688.2917085,0.0,0.0
1627303688.3166106,0.0,0.0
1627303688.360847,0.0,0.0
1627303688.410315,0.0,0.0
1627303688.4250102,0.0,0.0
1627303688.469954,0.0,0.0
1627303688.5194764,0.0,0.0
1627303688.5345435,0.0,0.0
1627303688.5779421,0.0,0.0
1627303688.62632,0.0,0.0
1627303688.641111,0.0,0.0
1627303688.6910322,0.0,0.0
1627303688.7159557,0.0,0.0
1627303688.7597032,0.0,0.0
1627303688.8082132,0.0,0.0
1627303688.8230803,0.0,0.0
1627303688.8664224,0.0,0.0
1627303688.9152777,0.0,0.0
1627303688.9631104,0.0,0.0
1627303688.980123,0.0,0.0
1627303689.0259125,0.0,0.0
1627303689.0707264,0.0,0.0
1627303689.0907571,0.0,0.0
1627303689.1346061,0.0,0.0
1627303689.1602392,0.0,0.0
1627303689.207431,0.0,0.0
1627303689.2466364,0.0,0.0
1627303689.293359,0.0,0.0
1627303689.337948,0.0,0.0
1627303689.3872252,0.0,0.0
1627303689.4334097,0.0,0.0
1627303689.453706,0.0,0.0
1627303689.4992921,0.0,0.0
1627303689.516127,0.0,0.0
1627303689.5653005,0.0,0.0
1627303689.6096227,0.0,0.0
1627303689.6250615,0.0,0.0
1627303689.6731262,0.0,0.0
1627303689.6935616,0.0,0.0
1627303689.745569,0.0,0.0
1627303689.7765243,0.0,0.0
1627303689.823704,0.0,0.0
1627303689.8496673,0.0,0.0
1627303689.8983111,0.0,0.0
1627303689.9436524,0.0,0.0
1627303689.9923816,0.0,0.0
1627303690.0667489,0.0,0.0
1627303690.0929353,0.0,0.0
1627303690.144646,0.0,0.0
1627303690.1595032,0.0,0.0
1627303690.2072322,0.0,0.0
1627303690.2414572,0.0,0.0
1627303690.2896748,0.0,0.0
1627303690.314581,0.0,0.0
1627303690.3621392,0.0,0.0
1627303690.4055803,0.0,0.0
1627303690.4254358,0.0,0.0
1627303690.4686954,0.0,0.0
1627303690.4937434,0.0,0.0
1627303690.5436454,0.0,0.0
1627303690.5836744,0.0,0.0
1627303690.6037297,0.0,0.0
1627303690.6538308,0.0,0.0
1627303690.6732414,0.0,0.0
1627303690.7237957,0.0,0.0
1627303690.7637968,0.0,0.0
1627303690.7877011,0.0,0.0
1627303690.8323324,0.0,0.0
1627303690.8467422,0.0,0.0
1627303690.8948956,0.0,0.0
1627303690.939465,0.0,0.0
1627303690.9564633,0.0,0.0
1627303691.0052521,0.0,0.0
1627303691.0489562,0.0,0.0
1627303691.068015,0.0,0.0
1627303691.1126378,0.0,0.0
1627303691.1330583,0.0,0.0
1627303691.1815052,0.0,0.0
1627303691.2110987,0.0,0.0
1627303691.2591393,0.0,0.0
1627303691.3038914,0.0,0.0
1627303691.3528605,0.0,0.0
1627303691.3916762,0.0,0.0
1627303691.4119222,0.0,0.0
1627303691.4609022,0.0,0.0
1627303691.4854548,0.0,0.0
1627303691.5290549,0.0,0.0
1627303691.5787559,0.0,0.0
1627303691.5931997,0.0,0.0
1627303691.6379237,0.0,0.0
1627303691.6867533,0.0,0.0
1627303691.7018127,0.0,0.0
1627303691.7506356,0.0,0.0
1627303691.8014927,0.0,0.0
1627303691.8463786,0.0,0.0
1627303691.8734496,0.0,0.0
1627303691.9223082,0.0,0.0
1627303691.9500968,0.0,0.0
1627303691.9984944,0.0,0.0
1627303692.052886,0.0,0.0
1627303692.067818,0.0,0.0
1627303692.1221962,0.0,0.0
1627303692.1378787,0.0,0.0
1627303692.1850688,0.0,0.0
1627303692.257679,0.0,0.0
1627303692.2849698,0.0,0.0
1627303692.3482487,0.0,0.0
1627303692.374982,0.0,0.0
1627303692.424085,0.0,0.0
1627303692.4806056,0.0,0.0
1627303692.5279622,0.0,0.0
1627303692.5743551,0.0,0.0
1627303692.616794,0.0,0.0
1627303692.635917,0.0,0.0
1627303692.6794176,0.0,0.0
1627303692.7302444,0.0,0.0
1627303692.74679,0.0,0.0
1627303692.7926874,0.0,0.0
1627303692.8312273,0.0,0.0
1627303692.8783863,0.0,0.0
1627303692.9221177,0.0,0.0
1627303692.9416945,0.0,0.0
1627303692.9907231,0.0,0.0
1627303693.0051405,0.0,0.0
1627303693.0769885,0.0,0.0
1627303693.1257467,0.0,0.0
1627303693.1739624,0.0,0.0
1627303693.19893,0.0,0.0
1627303693.247958,0.0,0.0
1627303693.2919366,0.0,0.0
1627303693.3109496,0.0,0.0
1627303693.3545468,0.0,0.0
1627303693.3749478,0.0,0.0
1627303693.4237547,0.0,0.0
1627303693.469362,0.0,0.0
1627303693.4918368,0.0,0.0
1627303693.5363624,0.0,0.0
1627303693.5558214,0.0,0.0
1627303693.6055605,0.0,0.0
1627303693.6487458,0.0,0.0
1627303693.6974263,0.0,0.0
1627303693.7431886,0.0,0.0
1627303693.7589722,0.0,0.0
1627303693.8074086,0.0,0.0
1627303693.8317747,0.0,0.0
1627303693.8801737,0.0,0.0
1627303693.9245574,0.0,0.0
1627303693.943965,0.0,0.0
1627303693.990862,0.0,0.0
1627303694.0102015,0.0,0.0
1627303694.0588813,0.0,0.0
1627303694.102747,0.0,0.0
1627303694.1517375,0.0,0.0
1627303694.1914272,0.0,0.0
1627303694.2105033,0.0,0.0
1627303694.2598279,0.0,0.0
1627303694.289526,0.0,0.0
1627303694.3385923,0.0,0.0
1627303694.3783092,0.0,0.0
1627303694.4019191,0.0,0.0
1627303694.4468076,0.0,0.0
1627303694.462225,0.0,0.0
1627303694.5110269,0.0,0.0
1627303694.556401,0.0,0.0
1627303694.5791214,0.0,0.0
1627303694.621139,0.0,0.0
1627303694.6415117,0.0,0.0
1627303694.691714,0.0,0.0
1627303694.7400897,0.0,0.0
1627303694.755074,0.0,0.0
1627303694.8041637,0.0,0.0
1627303694.8239622,0.0,0.0
1627303694.8726742,0.0,0.0
1627303694.9129164,0.0,0.0
1627303694.9329658,0.0,0.0
1627303694.977426,0.0,0.0
1627303695.0275736,0.0,0.0
1627303695.0420263,0.0,0.0
1627303695.0904388,0.0,0.0
1627303695.1268024,0.0,0.0
1627303695.1707346,0.0,0.0
1627303695.2184865,0.0,0.0
1627303695.2330759,0.0,0.0
1627303695.27657,0.0,0.0
1627303695.3244977,0.0,0.0
1627303695.3395872,0.0,0.0
1627303695.3827298,0.0,0.0
1627303695.4307215,0.0,0.0
1627303695.445854,0.0,0.0
1627303695.489879,0.0,0.0
1627303695.5407088,0.0,0.0
1627303695.553576,0.0,0.0
1627303695.6562302,0.0,0.0
1627303695.6595252,0.0,0.0
1627303695.6620166,0.0,0.0
1627303695.7912433,0.0,0.0
1627303695.795531,0.0,0.0
1627303695.795564,0.0,0.0
1627303695.821004,0.0,0.0
1627303695.8365743,0.0,0.0
1627303695.9279,0.0,0.0
1627303695.927908,0.0,0.0
1627303695.941037,0.0,0.0
1627303696.0613008,0.0,0.0
1627303696.0738094,0.0,0.0
1627303696.094264,0.0,0.0
1627303696.198364,0.0,0.0
1627303696.2043796,0.0,0.0
1627303696.2054932,0.0,0.0
1627303696.3348029,0.0,0.0
1627303696.3407185,0.0,0.0
1627303696.340722,0.0,0.0
1627303696.3566468,0.0,0.0
1627303696.4658945,0.0,0.0
1627303696.4684205,0.0,0.0
1627303696.4684343,0.0,0.0
1627303696.4945014,0.0,0.0
1627303696.555714,0.0,0.0
1627303696.5592692,0.0,0.0
1627303696.7242434,0.0,0.0
1627303696.7282958,0.0,0.0
1627303696.728315,0.0,0.0
1627303696.72834,0.0,0.0
1627303696.7481327,0.0,0.0
1627303696.89453,0.0,0.0
1627303696.897677,0.0,0.0
1627303696.9250185,0.0,0.0
1627303697.064884,0.0,0.0
1627303697.0682662,0.0,0.0
1627303697.0682714,0.0,0.0
1627303697.0682762,0.0,0.0
1627303697.1004672,0.0,0.0
1627303697.1697097,0.0,0.0
1627303697.1740265,0.0,0.0
1627303697.3273628,0.0,0.0
1627303697.3303187,0.0,0.0
1627303697.3303266,0.0,0.0
1627303697.3303814,0.0,0.0
1627303697.34533,0.0,0.0
1627303697.497326,0.0,0.0
1627303697.4993396,0.0,0.0
1627303697.4993474,0.0,0.0
1627303697.4993708,0.0,0.0
1627303697.5344725,0.0,0.0
1627303697.6682146,0.0,0.0
1627303697.6720378,0.0,0.0
1627303697.6802626,0.0,0.0
1627303697.7002897,0.0,0.0
1627303697.8385859,0.0,0.0
1627303697.8486567,0.0,0.0
1627303697.848669,0.0,0.0
1627303697.864685,0.0,0.0
1627303697.9859102,0.0,0.0
1627303697.9971824,0.0,0.0
1627303697.9972043,0.0,0.0
1627303698.0251453,0.0,0.0
1627303698.1557076,0.0,0.0
1627303698.160843,0.0,0.0
1627303698.1608503,0.0,0.0
1627303698.168891,0.0,0.0
1627303698.1843452,0.0,0.0
1627303698.3243077,0.0,0.0
1627303698.328607,0.0,0.0
1627303698.328621,0.0,0.0
1627303698.331276,0.0,0.0
1627303698.4919665,0.0,0.0
1627303698.4963322,0.0,0.0
1627303698.496345,0.0,0.0
1627303698.4963615,0.0,0.0
1627303698.532645,0.0,0.0
1627303698.6618497,0.0,0.0
1627303698.6666152,0.0,0.0
1627303698.6666467,0.0,0.0
1627303698.672511,0.0,0.0
1627303698.8299828,0.0,0.0
1627303698.8354554,0.0,0.0
1627303698.835486,0.0,0.0
1627303698.8354976,0.0,0.0
1627303698.8405175,0.0,0.0
1627303698.9987411,0.0,0.0
1627303699.0073094,0.0,0.0
1627303699.0073256,0.0,0.0
1627303699.0176287,0.0,0.0
1627303699.032394,0.0,0.0
1627303699.169414,0.0,0.0
1627303699.1720572,0.0,0.0
1627303699.179294,0.0,0.0
1627303699.3013456,0.0,0.0
1627303699.3040059,0.0,0.0
1627303699.3041239,0.0,0.0
1627303699.3411524,0.0,0.0
1627303699.434143,0.0,0.0
1627303699.4374838,0.0,0.0
1627303699.4503365,0.0,0.0
1627303699.5212886,0.0,0.0
1627303699.5238848,0.0,0.0
1627303699.5653305,0.0,0.0
1627303699.6119347,0.0,0.0
1627303699.6328127,0.0,0.0
1627303699.6774414,0.0,0.0
1627303699.7158453,0.0,0.0
1627303699.7617779,0.0,0.0
1627303699.817704,0.0,0.0
1627303699.833711,0.0,0.0
1627303699.879608,0.0,0.0
1627303699.9180996,0.0,0.0
1627303699.965192,0.0,0.0
1627303700.0122008,0.0,0.0
1627303700.0330253,0.0,0.0
1627303700.080069,0.0,0.0
1627303700.127107,0.0,0.0
1627303700.1475923,0.0,0.0
1627303700.2003179,0.0,0.0
1627303700.227338,0.0,0.0
1627303700.2791286,0.0,0.0
1627303700.324896,0.0,0.0
1627303700.3707402,0.0,0.0
1627303700.4231298,0.0,0.0
1627303700.4390879,0.0,0.0
1627303700.4933414,0.0,0.0
1627303700.5190225,0.0,0.0
1627303700.571738,0.0,0.0
1627303700.6204102,0.0,0.0
1627303700.6370754,0.0,0.0
1627303700.690554,0.0,0.0
1627303700.7065873,0.0,0.0
1627303700.762009,0.0,0.0
1627303700.807865,0.0,0.0
1627303700.8620422,0.0,0.0
1627303700.9048996,0.0,0.0
1627303700.9580147,0.0,0.0
1627303700.9735198,0.0,0.0
1627303701.0277061,0.0,0.0
1627303701.0678449,0.0,0.0
1627303701.1196399,0.0,0.0
1627303701.1677082,0.0,0.0
1627303701.2207932,0.0,0.0
1627303701.269676,0.0,0.0
1627303701.2866204,0.0,0.0
1627303701.3387308,0.0,0.0
1627303701.3812764,0.0,0.0
1627303701.432997,0.0,0.0
1627303701.4765239,0.0,0.0
1627303701.5298586,0.0,0.0
1627303701.5576613,0.0,0.0
1627303701.6092925,0.0,0.0
1627303701.6577134,0.0,0.0
1627303701.710323,0.0,0.0
1627303701.757871,0.0,0.0
1627303701.809867,0.0,0.0
1627303701.858763,0.0,0.0
1627303701.9099007,0.0,0.0
1627303701.9530199,0.0,0.0
1627303702.0058484,0.0,0.0
1627303702.049604,0.0,0.0
1627303702.1009185,0.0,0.0
1627303702.1235068,0.0,0.0
1627303702.1748188,0.0,0.0
1627303702.2287512,0.0,0.0
1627303702.2467663,0.0,0.0
1627303702.2925415,0.0,0.0
1627303702.3139808,0.0,0.0
1627303702.3616168,0.0,0.0
1627303702.4144278,0.0,0.0
1627303702.4308412,0.0,0.0
1627303702.483958,0.0,0.0
1627303702.505008,0.0,0.0
1627303702.5516796,0.0,0.0
1627303702.6042166,0.0,0.0
1627303702.6195414,0.0,0.0
1627303702.6664734,0.0,0.0
1627303702.7199583,0.0,0.0
1627303702.7678838,0.0,0.0
1627303702.7888,0.0,0.0
1627303702.8378406,0.0,0.0
1627303702.8794034,0.0,0.0
1627303702.9267461,0.0,0.0
1627303702.9523299,0.0,0.0
1627303703.0005062,0.0,0.0
1627303703.0270078,0.0,0.0
1627303703.074051,0.0,0.0
1627303703.1255262,0.0,0.0
1627303703.141824,0.0,0.0
1627303703.1927512,0.0,0.0
1627303703.2131603,0.0,0.0
1627303703.2597134,0.0,0.0
1627303703.3115654,0.0,0.0
1627303703.3274953,0.0,0.0
1627303703.372541,0.0,0.0
1627303703.4257941,0.0,0.0
1627303703.4729278,0.0,0.0
1627303703.4960058,0.0,0.0
1627303703.5426383,0.0,0.0
1627303703.585995,0.0,0.0
1627303703.6327524,0.0,0.0
1627303703.6536126,0.0,0.0
1627303703.700259,0.0,0.0
1627303703.7475812,0.0,0.0
1627303703.7688909,0.0,0.0
1627303703.8132474,0.0,0.0
1627303703.8597083,0.0,0.0
1627303703.9053671,0.0,0.0
1627303703.959082,0.0,0.0
1627303704.006097,0.0,0.0
1627303704.0578473,0.0,0.0
1627303704.073897,0.0,0.0
1627303704.1190188,0.0,0.0
1627303704.1631851,0.0,0.0
1627303704.2143948,0.0,0.0
1627303704.2397122,0.0,0.0
1627303704.287726,0.0,0.0
1627303704.3404956,0.0,0.0
1627303704.3558416,0.0,0.0
1627303704.4082184,0.0,0.0
1627303704.4505045,0.0,0.0
1627303704.5026667,0.0,0.0
1627303704.5235326,0.0,0.0
1627303704.576274,0.0,0.0
1627303704.604803,0.0,0.0
1627303704.6572065,0.0,0.0
1627303704.7053473,0.0,0.0
1627303704.7602632,0.0,0.0
1627303704.8073533,0.0,0.0
1627303704.8228252,0.0,0.0
1627303704.879597,0.0,0.0
1627303704.8947651,0.0,0.0
1627303704.9479144,0.0,0.0
1627303704.992848,0.0,0.0
1627303705.0453513,0.0,0.0
1627303705.0769334,0.0,0.0
1627303705.1286972,0.0,0.0
1627303705.174057,0.0,0.0
1627303705.2259295,0.0,0.0
1627303705.2533667,0.0,0.0
1627303705.304957,0.0,0.0
1627303705.3525705,0.0,0.0
1627303705.405979,0.0,0.0
1627303705.4535673,0.0,0.0
1627303705.5059347,0.0,0.0
1627303705.5543878,0.0,0.0
1627303705.570518,0.0,0.0
1627303705.62348,0.0,0.0
1627303705.644819,0.0,0.0
1627303705.69794,0.0,0.0
1627303705.7201898,0.0,0.0
1627303705.7762768,0.0,0.0
1627303705.8198833,0.0,0.0
1627303705.8763132,0.0,0.0
1627303705.9031188,0.0,0.0
1627303705.9534523,0.0,0.0
1627303705.9803846,0.0,0.0
1627303706.0332794,0.0,0.0
1627303706.054156,0.0,0.0
1627303706.0990002,0.0,0.0
1627303706.1506505,0.0,0.0
1627303706.1655996,0.0,0.0
1627303706.2143738,0.0,0.0
1627303706.2684624,0.0,0.0
1627303706.3182616,0.0,0.0
1627303706.3396144,0.0,0.0
1627303706.3903167,0.0,0.0
1627303706.4293103,0.0,0.0
1627303706.4719026,0.0,0.0
1627303706.4916708,0.0,0.0
1627303706.534491,0.0,0.0
1627303706.581858,0.0,0.0
1627303706.6015759,0.0,0.0
1627303706.6490319,0.0,0.0
1627303706.6733947,0.0,0.0
1627303706.7189226,0.0,0.0
1627303706.7666192,0.0,0.0
1627303706.782026,0.0,0.0
1627303706.832143,0.0,0.0
1627303706.8751855,0.0,0.0
1627303706.8946085,0.0,0.0
1627303706.9472163,0.0,0.0
1627303706.9907165,0.0,0.0
1627303707.0494144,0.0,0.0
1627303707.0738773,0.0,0.0
1627303707.117293,0.0,0.0
1627303707.1647491,0.0,0.0
1627303707.1805668,0.0,0.0
1627303707.2222497,0.0,0.0
1627303707.2689967,0.0,0.0
1627303707.2849176,0.0,0.0
1627303707.3277416,0.0,0.0
1627303707.3840685,0.0,0.0
1627303707.3957102,0.0,0.0
1627303707.4384365,0.0,0.0
1627303707.4753556,0.0,0.0
1627303707.5196712,0.0,0.0
1627303707.563794,0.0,0.0
1627303707.5839667,0.0,0.0
1627303707.6269116,0.0,0.0
1627303707.675381,0.0,0.0
1627303707.689865,0.0,0.0
1627303707.7339346,0.0,0.0
1627303707.7833357,0.0,0.0
1627303707.7979348,0.0,0.0
1627303707.8428578,0.0,0.0
1627303707.8932345,0.0,0.0
1627303707.941318,0.0,0.0
1627303707.9568262,0.0,0.0
1627303708.0004294,0.0,0.0
1627303708.0452428,0.0,0.0
1627303708.064593,0.0,0.0
1627303708.11318,0.0,0.0
1627303708.1429577,0.0,0.0
1627303708.1877873,0.0,0.0
1627303708.2357006,0.0,0.0
1627303708.250415,0.0,0.0
1627303708.2992895,0.0,0.0
1627303708.3395183,0.0,0.0
1627303708.3892038,0.0,0.0
1627303708.4335554,0.0,0.0
1627303708.448316,0.0,0.0
1627303708.497513,0.0,0.0
1627303708.5194714,0.0,0.0
1627303708.5689077,0.0,0.0
1627303708.5947707,0.0,0.0
1627303708.6431966,0.0,0.0
1627303708.687516,0.0,0.0
1627303708.7074316,0.0,0.0
1627303708.7539043,0.0,0.0
1627303708.7854424,0.0,0.0
1627303708.8264341,0.0,0.0
1627303708.8727484,0.0,0.0
1627303708.9214184,0.0,0.0
1627303708.965069,0.0,0.0
1627303708.9814553,0.0,0.0
1627303709.025128,0.0,0.0
1627303709.074658,0.0,0.0
1627303709.0888276,0.0,0.0
1627303709.1382413,0.0,0.0
1627303709.1585665,0.0,0.0
1627303709.2080698,0.0,0.0
1627303709.251816,0.0,0.0
1627303709.2666874,0.0,0.0
1627303709.3163226,0.0,0.0
1627303709.3569632,0.0,0.0
1627303709.4059231,0.0,0.0
1627303709.4302132,0.0,0.0
1627303709.4795413,0.0,0.0
1627303709.523859,0.0,0.0
1627303709.5444481,0.0,0.0
1627303709.5885015,0.0,0.0
1627303709.6127815,0.0,0.0
1627303709.6570988,0.0,0.0
1627303709.7043517,0.0,0.0
1627303709.719462,0.0,0.0
1627303709.7664344,0.0,0.0
1627303709.8065104,0.0,0.0
1627303709.8556664,0.0,0.0
1627303709.9445238,0.0,0.0
1627303709.9616082,0.0,0.0
1627303710.0073287,0.0,0.0
1627303710.0334787,0.0,0.0
1627303710.0797203,0.0,0.0
1627303710.1308568,0.0,0.0
1627303710.1467557,0.0,0.0
1627303710.19219,0.0,0.0
1627303710.2431188,0.0,0.0
1627303710.2585878,0.0,0.0
1627303710.304613,0.0,0.0
1627303710.330406,0.0,0.0
1627303710.38278,0.0,0.0
1627303710.4272335,0.0,0.0
1627303710.4477875,0.0,0.0
1627303710.495219,0.0,0.0
1627303710.5158038,0.0,0.0
1627303710.5618167,0.0,0.0
1627303710.612989,0.0,0.0
1627303710.6284347,0.0,0.0
1627303710.673374,0.0,0.0
1627303710.720248,0.0,0.0
1627303710.76511,0.0,0.0
1627303710.791047,0.0,0.0
1627303710.8401527,0.0,0.0
1627303710.8908849,0.0,0.0
1627303710.906372,0.0,0.0
1627303710.9565802,0.0,0.0
1627303710.9938242,0.0,0.0
1627303711.0405035,0.0,0.0
1627303711.0865252,0.0,0.0
1627303711.1323886,0.0,0.0
1627303711.1846895,0.0,0.0
1627303711.1997368,0.0,0.0
1627303711.2443824,0.0,0.0
1627303711.2903697,0.0,0.0
1627303711.3360806,0.0,0.0
1627303711.3621156,0.0,0.0
1627303711.4073596,0.0,0.0
1627303711.4535959,0.0,0.0
1627303711.474179,0.0,0.0
1627303711.5197766,0.0,0.0
1627303711.5606565,0.0,0.0
1627303711.6065109,0.0,0.0
1627303711.6568956,0.0,0.0
1627303711.6723337,0.0,0.0
1627303711.7184186,0.0,0.0
1627303711.7694085,0.0,0.0
1627303711.8154194,0.0,0.0
1627303711.8362424,0.0,0.0
1627303711.889216,0.0,0.0
1627303711.9150586,0.0,0.0
1627303711.960635,0.0,0.0
1627303712.0115473,0.0,0.0
1627303712.0269084,0.0,0.0
1627303712.0729172,0.0,0.0
1627303712.1185117,0.0,0.0
1627303712.139063,0.0,0.0
1627303712.1898167,0.0,0.0
1627303712.2204733,0.0,0.0
1627303712.2714915,0.0,0.0
1627303712.3175557,0.0,0.0
1627303712.3683798,0.0,0.0
1627303712.4140282,0.0,0.0
1627303712.4296,0.0,0.0
1627303712.4798656,0.0,0.0
1627303712.518783,0.0,0.0
1627303712.5688846,0.0,0.0
1627303712.61535,0.0,0.0
1627303712.630665,0.0,0.0
1627303712.6809998,0.0,0.0
1627303712.7029188,0.0,0.0
1627303712.7523727,0.0,0.0
1627303712.7831147,0.0,0.0
1627303712.8337593,0.0,0.0
1627303712.8591056,0.0,0.0
1627303712.910873,0.0,0.0
1627303712.9561465,0.0,0.0
1627303712.9764788,0.0,0.0
1627303713.022843,0.0,0.0
1627303713.0433707,0.0,0.0
1627303713.0937653,0.0,0.0
1627303713.119833,0.0,0.0
1627303713.17158,0.0,0.0
1627303713.2172494,0.0,0.0
1627303713.266739,0.0,0.0
1627303713.3107605,0.0,0.0
1627303713.3312078,0.0,0.0
1627303713.374462,0.0,0.0
1627303713.394465,0.0,0.0
1627303713.4431143,0.0,0.0
1627303713.4985456,0.0,0.0
1627303713.5443027,0.0,0.0
1627303713.608112,0.0,0.0
1627303713.622571,0.0,0.0
1627303713.6675243,0.0,0.0
1627303713.7161071,0.0,0.0
1627303713.7321305,0.0,0.0
1627303713.780937,0.0,0.0
1627303713.8207161,0.0,0.0
1627303713.8686655,0.0,0.0
1627303713.914458,0.0,0.0
1627303713.9630082,0.0,0.0
1627303714.0076127,0.0,0.0
1627303714.0323994,0.0,0.0
1627303714.08013,0.0,0.0
1627303714.095316,0.0,0.0
1627303714.1433494,0.0,0.0
1627303714.1869538,0.0,0.0
1627303714.2356832,0.0,0.0
1627303714.2500825,0.0,0.0
1627303714.3117723,0.0,0.0
1627303714.384198,0.0,0.0
1627303714.400512,0.0,0.0
1627303714.4432452,0.0,0.0
1627303714.4736614,0.0,0.0
1627303714.517189,0.0,0.0
1627303714.5659006,0.0,0.0
1627303714.580733,0.0,0.0
1627303714.6245773,0.0,0.0
1627303714.6718314,0.0,0.0
1627303714.6869147,0.0,0.0
1627303714.7339704,0.0,0.0
1627303714.7591033,0.0,0.0
1627303714.8035958,0.0,0.0
1627303714.8511481,0.0,0.0
1627303714.8663578,0.0,0.0
1627303714.911802,0.0,0.0
1627303714.960712,0.0,0.0
1627303715.006436,0.0,0.0
1627303715.0305538,0.0,0.0
1627303715.0738328,0.0,0.0
1627303715.1178453,0.0,0.0
1627303715.1373339,0.0,0.0
1627303715.1809108,0.0,0.0
1627303715.2264123,0.0,0.0
1627303715.2703414,0.0,0.0
1627303715.2994602,0.0,0.0
1627303715.3441188,0.0,0.0
1627303715.3919492,0.0,0.0
1627303715.409103,0.0,0.0
1627303715.452464,0.0,0.0
1627303715.4966736,0.0,0.0
1627303715.541667,0.0,0.0
1627303715.5665896,0.0,0.0
1627303715.6102808,0.0,0.0
1627303715.6586046,0.0,0.0
1627303715.673567,0.0,0.0
1627303715.7177103,0.0,0.0
1627303715.7610054,0.0,0.0
1627303715.781229,0.0,0.0
1627303715.8249602,0.0,0.0
1627303715.873372,0.0,0.0
1627303715.8888092,0.0,0.0
1627303715.9394388,0.0,0.0
1627303715.979245,0.0,0.0
1627303716.0276346,0.0,0.0
1627303716.0740626,0.0,0.0
1627303716.0890477,0.0,0.0
1627303716.1368716,0.0,0.0
1627303716.1681576,0.0,0.0
1627303716.217246,0.0,0.0
1627303716.2604704,0.0,0.0
1627303716.2801936,0.0,0.0
1627303716.3273153,0.0,0.0
1627303716.370641,0.0,0.0
1627303716.419079,0.0,0.0
1627303716.4643304,0.0,0.0
1627303716.4799314,0.0,0.0
1627303716.5309052,0.0,0.0
1627303716.571561,0.0,0.0
1627303716.621834,0.0,0.0
1627303716.6506,0.0,0.0
1627303716.7014046,0.0,0.0
1627303716.7314756,0.0,0.0
1627303716.781397,0.0,0.0
1627303716.807014,0.0,0.0
1627303716.8573651,0.0,0.0
1627303716.9050252,0.0,0.0
1627303716.9340713,0.0,0.0
1627303716.9863985,0.0,0.0
1627303717.004928,0.0,0.0
1627303717.0557232,0.0,0.0
1627303717.07768,0.0,0.0
1627303717.1272907,0.0,0.0
1627303717.1724901,0.0,0.0
1627303717.187849,0.0,0.0
1627303717.2384543,0.0,0.0
1627303717.2587738,0.0,0.0
1627303717.3103886,0.0,0.0
1627303717.3568265,0.0,0.0
1627303717.4076538,0.0,0.0
1627303717.4528942,0.0,0.0
1627303717.5065114,0.0,0.0
1627303717.5533602,0.0,0.0
1627303717.569507,0.0,0.0
1627303717.6227412,0.0,0.0
1627303717.6434944,0.0,0.0
1627303717.689016,0.0,0.0
1627303717.7402623,0.0,0.0
1627303717.756049,0.0,0.0
1627303717.8045075,0.0,0.0
1627303717.84521,0.0,0.0
1627303717.8961003,0.0,0.0
1627303717.9168034,0.0,0.0
1627303717.97115,0.0,0.0
1627303717.9927566,0.0,0.0
1627303718.0420282,0.0,0.0
1627303718.074436,0.0,0.0
1627303718.1261244,0.0,0.0
1627303718.1569295,0.0,0.0
1627303718.2092998,0.0,0.0
1627303718.2336106,0.0,0.0
1627303718.2841127,0.0,0.0
1627303718.3295612,0.0,0.0
1627303718.3494353,0.0,0.0
1627303718.399136,0.0,0.0
1627303718.414805,0.0,0.0
1627303718.4635258,0.0,0.0
1627303718.508465,0.0,0.0
1627303718.5324013,0.0,0.0
1627303718.582823,0.0,0.0
1627303718.597867,0.0,0.0
1627303718.6429338,0.0,0.0
1627303718.691161,0.0,0.0
1627303718.706318,0.0,0.0
1627303718.7499738,0.0,0.0
1627303718.800383,0.0,0.0
1627303718.8158183,0.0,0.0
1627303718.8593237,0.0,0.0
1627303718.8838565,0.0,0.0
1627303718.9299881,0.0,0.0
1627303718.9737296,0.0,0.0
1627303718.9937954,0.0,0.0
1627303719.03855,0.0,0.0
1627303719.0889502,0.0,0.0
1627303719.108047,0.0,0.0
1627303719.1519916,0.0,0.0
1627303719.1959932,0.0,0.0
1627303719.2394423,0.0,0.0
1627303719.2637122,0.0,0.0
1627303719.3085473,0.0,0.0
1627303719.3511345,0.0,0.0
1627303719.3754494,0.0,0.0
1627303719.4251177,0.0,0.0
1627303719.470161,0.0,0.0
1627303719.4853466,0.0,0.0
1627303719.534377,0.0,0.0
1627303719.554486,0.0,0.0
1627303719.603217,0.0,0.0
1627303719.646684,0.0,0.0
1627303719.6953878,0.0,0.0
1627303719.7385645,0.0,0.0
1627303719.7533617,0.0,0.0
1627303719.8016734,0.0,0.0
1627303719.8360863,0.0,0.0
1627303719.8852265,0.0,0.0
1627303719.9297876,0.0,0.0
1627303719.961028,0.0,0.0
1627303720.0043194,0.0,0.0
1627303720.019534,0.0,0.0
1627303720.067596,0.0,0.0
1627303720.1060421,0.0,0.0
1627303720.1536422,0.0,0.0
1627303720.197859,0.0,0.0
1627303720.2463439,0.0,0.0
1627303720.289586,0.0,0.0
1627303720.3090532,0.0,0.0
1627303720.353211,0.0,0.0
1627303720.3918083,0.0,0.0
1627303720.4403071,0.0,0.0
1627303720.460133,0.0,0.0
1627303720.5079994,0.0,0.0
1627303720.5375304,0.0,0.0
1627303720.5851243,0.0,0.0
1627303720.6098368,0.0,0.0
1627303720.6587212,0.0,0.0
1627303720.7016752,0.0,0.0
1627303720.7213073,0.0,0.0
1627303720.770549,0.0,0.0
1627303720.79567,0.0,0.0
1627303720.8446715,0.0,0.0
1627303720.8884687,0.0,0.0
1627303720.9127424,0.0,0.0
1627303720.9609802,0.0,0.0
1627303720.9784794,0.0,0.0
1627303721.0276358,0.0,0.0
1627303721.0704541,0.0,0.0
1627303721.1188173,0.0,0.0
1627303721.1436677,0.0,0.0
1627303721.1916955,0.0,0.0
1627303721.2354019,0.0,0.0
1627303721.2654412,0.0,0.0
1627303721.309068,0.0,0.0
1627303721.3240995,0.0,0.0
1627303721.372512,0.0,0.0
1627303721.4068675,0.0,0.0
1627303721.4556234,0.0,0.0
1627303721.495766,0.0,0.0
1627303721.5442586,0.0,0.0
1627303721.5646672,0.0,0.0
1627303721.6122386,0.0,0.0
1627303721.6557403,0.0,0.0
1627303721.684462,0.0,0.0
1627303721.7283158,0.0,0.0
1627303721.743788,0.0,0.0
1627303721.7934544,0.0,0.0
1627303721.8285809,0.0,0.0
1627303721.8771884,0.0,0.0
1627303721.9067285,0.0,0.0
1627303721.9570918,0.0,0.0
1627303721.987046,0.0,0.0
1627303722.0359695,0.0,0.0
1627303722.0603774,0.0,0.0
1627303722.1090407,0.0,0.0
1627303722.1528184,0.0,0.0
1627303722.181694,0.0,0.0
1627303722.2263267,0.0,0.0
1627303722.2408526,0.0,0.0
1627303722.2891974,0.0,0.0
1627303722.3230875,0.0,0.0
1627303722.3712492,0.0,0.0
1627303722.4122603,0.0,0.0
1627303722.4603968,0.0,0.0
1627303722.4998093,0.0,0.0
1627303722.5491674,0.0,0.0
1627303722.5929766,0.0,0.0
1627303722.6081355,0.0,0.0
1627303722.6583734,0.0,0.0
1627303722.6779182,0.0,0.0
1627303722.7224178,0.0,0.0
1627303722.770878,0.0,0.0
1627303722.7853904,0.0,0.0
1627303722.8335547,0.0,0.0
1627303722.8777823,0.0,0.0
1627303722.8975663,0.0,0.0
1627303722.944906,0.0,0.0
1627303722.9601364,0.0,0.0
1627303723.010897,0.0,0.0
1627303723.054693,0.0,0.0
1627303723.1040359,0.0,0.0
1627303723.1480596,0.0,0.0
1627303723.1679292,0.0,0.0
1627303723.21132,0.0,0.0
1627303723.2303557,0.0,0.0
1627303723.2774022,0.0,0.0
1627303723.3065279,0.0,0.0
1627303723.354975,0.0,0.0
1627303723.399058,0.0,0.0
1627303723.4476457,0.0,0.0
1627303723.4917028,0.0,0.0
1627303723.5070486,0.0,0.0
1627303723.5573542,0.0,0.0
1627303723.5941286,0.0,0.0
1627303723.637961,0.0,0.0
1627303723.6861296,0.0,0.0
1627303723.7010272,0.0,0.0
1627303723.749207,0.0,0.0
1627303723.794525,0.0,0.0
1627303723.843471,0.0,0.0
1627303723.8640926,0.0,0.0
1627303723.9127152,0.0,0.0
1627303723.9566133,0.0,0.0
1627303723.9783309,0.0,0.0
1627303724.0225909,0.0,0.0
1627303724.0430408,0.0,0.0
1627303724.091831,0.0,0.0
1627303724.1359086,0.0,0.0
1627303724.1839285,0.0,0.0
1627303724.2277758,0.0,0.0
1627303724.257364,0.0,0.0
1627303724.3067102,0.0,0.0
1627303724.321195,0.0,0.0
1627303724.369736,0.0,0.0
1627303724.3940008,0.0,0.0
1627303724.442493,0.0,0.0
1627303724.487419,0.0,0.0
1627303724.507552,0.0,0.0
1627303724.5512223,0.0,0.0
1627303724.5704815,0.0,0.0
1627303724.6190007,0.0,0.0
1627303724.6633246,0.0,0.0
1627303724.6870868,0.0,0.0
1627303724.730574,0.0,0.0
1627303724.7505865,0.0,0.0
1627303724.799601,0.0,0.0
1627303724.8274846,0.0,0.0
1627303724.8746734,0.0,0.0
1627303724.918853,0.0,0.0
1627303724.9439523,0.0,0.0
1627303724.9918199,0.0,0.0
1627303725.0068944,0.0,0.0
1627303725.0588233,0.0,0.0
1627303725.0967524,0.0,0.0
1627303725.1454966,0.0,0.0
1627303725.1662118,0.0,0.0
1627303725.2144752,0.0,0.0
1627303725.2542503,0.0,0.0
1627303725.3025825,0.0,0.0
1627303725.3320448,0.0,0.0
1627303725.3799503,0.0,0.0
1627303725.409065,0.0,0.0
1627303725.4582708,0.0,0.0
1627303725.503065,0.0,0.0
1627303725.522992,0.0,0.0
1627303725.5707633,0.0,0.0
1627303725.586775,0.0,0.0
1627303725.6357284,0.0,0.0
1627303725.6798682,0.0,0.0
1627303725.7042768,0.0,0.0
1627303725.7487366,0.0,0.0
1627303725.7629426,0.0,0.0
1627303725.8114257,0.0,0.0
1627303725.8567777,0.0,0.0
1627303725.8774142,0.0,0.0
1627303725.9261322,0.0,0.0
1627303725.9561274,0.0,0.0
1627303726.0051093,0.0,0.0
1627303726.0322466,0.0,0.0
1627303726.082507,0.0,0.0
1627303726.1268287,0.0,0.0
1627303726.1414993,0.0,0.0
1627303726.1900296,0.0,0.0
1627303726.2046125,0.0,0.0
1627303726.2532487,0.0,0.0
1627303726.296322,0.0,0.0
1627303726.316437,0.0,0.0
1627303726.3655682,0.0,0.0
1627303726.3899894,0.0,0.0
1627303726.4394567,0.0,0.0
1627303726.4836378,0.0,0.0
1627303726.4981377,0.0,0.0
1627303726.5459661,0.0,0.0
1627303726.5862489,0.0,0.0
1627303726.6352057,0.0,0.0
1627303726.6754167,0.0,0.0
1627303726.7244694,0.0,0.0
1627303726.749526,0.0,0.0
1627303726.797827,0.0,0.0
1627303726.843446,0.0,0.0
1627303726.8729682,0.0,0.0
1627303726.9120903,0.0,0.0
1627303726.9312115,0.0,0.0
1627303726.98066,0.0,0.0
1627303727.0060775,0.0,0.0
1627303727.058345,0.0,0.0
1627303727.1030686,0.0,0.0
1627303727.118142,0.0,0.0
1627303727.1612837,0.0,0.0
1627303727.1857252,0.0,0.0
1627303727.234782,0.0,0.0
1627303727.278335,0.0,0.0
1627303727.2938063,0.0,0.0
1627303727.3421938,0.0,0.0
1627303727.3866847,0.0,0.0
1627303727.4347277,0.0,0.0
1627303727.4600036,0.0,0.0
1627303727.5089924,0.0,0.0
1627303727.5293727,0.0,0.0
1627303727.577264,0.0,0.0
1627303727.6215484,0.0,0.0
1627303727.67053,0.0,0.0
1627303727.7150748,0.0,0.0
1627303727.7402682,0.0,0.0
1627303727.7845967,0.0,0.0
1627303727.8047273,0.0,0.0
1627303727.8540587,0.0,0.0
1627303727.8786137,0.0,0.0
1627303727.9282887,0.0,0.0
1627303727.9717734,0.0,0.0
1627303727.9914434,0.0,0.0
1627303728.040925,0.0,0.0
1627303728.0666127,0.0,0.0
1627303728.1174698,0.0,0.0
1627303728.1612945,0.0,0.0
1627303728.1756155,0.0,0.0
1627303728.224676,0.0,0.0
1627303728.2445707,0.0,0.0
1627303728.2929907,0.0,0.0
1627303728.337327,0.0,0.0
1627303728.356613,0.0,0.0
1627303728.4010446,0.0,0.0
1627303728.4206321,0.0,0.0
1627303728.4703712,0.0,0.0
1627303728.5159435,0.0,0.0
1627303728.5357785,0.0,0.0
1627303728.5863948,0.0,0.0
1627303728.6011076,0.0,0.0
1627303728.650264,0.0,0.0
1627303728.6936157,0.0,0.0
1627303728.713349,0.0,0.0
1627303728.762146,0.0,0.0
1627303728.786855,0.0,0.0
1627303728.8369656,0.0,0.0
1627303728.8811154,0.0,0.0
1627303728.9009442,0.0,0.0
1627303728.9491665,0.0,0.0
1627303728.9732497,0.0,0.0
1627303729.0220912,0.0,0.0
1627303729.0663078,0.0,0.0
1627303729.0889025,0.0,0.0
1627303729.1330636,0.0,0.0
1627303729.1580179,0.0,0.0
1627303729.2075331,0.0,0.0
1627303729.252159,0.0,0.0
1627303729.271713,0.0,0.0
1627303729.3207173,0.0,0.0
1627303729.335077,0.0,0.0
1627303729.3831677,0.0,0.0
1627303729.427937,0.0,0.0
1627303729.447947,0.0,0.0
1627303729.49607,0.0,0.0
1627303729.5154512,0.0,0.0
1627303729.5647554,0.0,0.0
1627303729.6086683,0.0,0.0
1627303729.6231477,0.0,0.0
1627303729.6721647,0.0,0.0
1627303729.7162616,0.0,0.0
1627303729.7407873,0.0,0.0
1627303729.7850788,0.0,0.0
1627303729.8056707,0.0,0.0
1627303729.854126,0.0,0.0
1627303729.879,0.0,0.0
1627303729.927687,0.0,0.0
1627303729.9722848,0.0,0.0
1627303729.9919167,0.0,0.0
1627303730.0368402,0.0,0.0
1627303730.0566204,0.0,0.0
1627303730.1062953,0.0,0.0
1627303730.1319814,0.0,0.0
1627303730.180187,0.0,0.0
1627303730.2283597,0.0,0.0
1627303730.2783813,0.0,0.0
1627303730.3232882,0.0,0.0
1627303730.3713334,0.0,0.0
1627303730.3908122,0.0,0.0
1627303730.4395945,0.0,0.0
1627303730.4891326,0.0,0.0
1627303730.5038366,0.0,0.0
1627303730.5527492,0.0,0.0
1627303730.5908852,0.0,0.0
1627303730.6398706,0.0,0.0
1627303730.6897926,0.0,0.0
1627303730.73797,0.0,0.0
1627303730.7814066,0.0,0.0
1627303730.8298998,0.0,0.0
1627303730.8755434,0.0,0.0
1627303730.8910115,0.0,0.0
1627303730.9397426,0.0,0.0
1627303730.9793143,0.0,0.0
1627303731.0286386,0.0,0.0
1627303731.0514815,0.0,0.0
1627303731.1008508,0.0,0.0
1627303731.125852,0.0,0.0
1627303731.1744187,0.0,0.0
1627303731.2185905,0.0,0.0
1627303731.2383552,0.0,0.0
1627303731.2879198,0.0,0.0
1627303731.3023782,0.0,0.0
1627303731.3513498,0.0,0.0
1627303731.3947444,0.0,0.0
1627303731.4147787,0.0,0.0
1627303731.464421,0.0,0.0
1627303731.4882214,0.0,0.0
1627303731.5386047,0.0,0.0
1627303731.5826638,0.0,0.0
1627303731.602644,0.0,0.0
1627303731.6522624,0.0,0.0
1627303731.676849,0.0,0.0
1627303731.725406,0.0,0.0
1627303731.7653687,0.0,0.0
1627303731.8136334,0.0,0.0
1627303731.8331583,0.0,0.0
1627303731.880718,0.0,0.0
1627303731.9059596,0.0,0.0
1627303731.9545126,0.0,0.0
1627303731.9980652,0.0,0.0
1627303732.0179515,0.0,0.0
1627303732.0676343,0.0,0.0
1627303732.0925446,0.0,0.0
1627303732.145174,0.0,0.0
1627303732.164456,0.0,0.0
1627303732.214101,0.0,0.0
1627303732.2583065,0.0,0.0
1627303732.2785177,0.0,0.0
1627303732.3276553,0.0,0.0
1627303732.3530622,0.0,0.0
1627303732.401073,0.0,0.0
1627303732.4462304,0.0,0.0
1627303732.4713058,0.0,0.0
1627303732.5158155,0.0,0.0
1627303732.5362701,0.0,0.0
1627303732.5853016,0.0,0.0
1627303732.6297219,0.0,0.0
1627303732.659283,0.0,0.0
1627303732.7037036,0.0,0.0
1627303732.7236881,0.0,0.0
1627303732.7724817,0.0,0.0
1627303732.7966719,0.0,0.0
1627303732.8451037,0.0,0.0
1627303732.8898995,0.0,0.0
1627303732.915127,0.0,0.0
1627303732.9545567,0.0,0.0
1627303732.9745438,0.0,0.0
1627303733.0231297,0.0,0.0
1627303733.0670903,0.0,0.0
1627303733.0919232,0.0,0.0
1627303733.141944,0.0,0.0
1627303733.157024,0.0,0.0
1627303733.2048132,0.0,0.0
1627303733.246501,0.0,0.0
1627303733.2946198,0.0,0.0
1627303733.3357573,0.0,0.0
1627303733.384234,0.0,0.0
1627303733.4282885,0.0,0.0
1627303733.4774516,0.0,0.0
1627303733.5212028,0.0,0.0
1627303733.5370274,0.0,0.0
1627303733.5880105,0.0,0.0
1627303733.6367724,0.0,0.0
1627303733.6858597,0.0,0.0
1627303733.7108145,0.0,0.0
1627303733.7581325,0.0,0.0
1627303733.8079214,0.0,0.0
1627303733.8555155,0.0,0.0
1627303733.8801396,0.0,0.0
1627303733.929267,0.0,0.0
1627303733.9783504,0.0,0.0
1627303734.027428,0.0,0.0
1627303734.0768504,0.0,0.0
1627303734.1280565,0.0,0.0
1627303734.1768434,0.0,0.0
1627303734.2259612,0.0,0.0
1627303734.2512126,0.0,0.0
1627303734.299768,0.0,0.0
1627303734.3436809,0.0,0.0
1627303734.3921254,0.0,0.0
1627303734.4361725,0.0,0.0
1627303734.4583666,0.0,0.0
1627303734.5060697,0.0,0.0
1627303734.5306563,0.0,0.0
1627303734.5795662,0.0,0.0
1627303734.624539,0.0,0.0
1627303734.6741748,0.0,0.0
1627303734.7174284,0.0,0.0
1627303734.732306,0.0,0.0
1627303734.7804582,0.0,0.0
1627303734.8165672,0.0,0.0
1627303734.8653288,0.0,0.0
1627303734.910048,0.0,0.0
1627303734.9302762,0.0,0.0
1627303734.9780285,0.0,0.0
1627303734.9985847,0.0,0.0
1627303735.0464213,0.0,0.0
1627303735.0908444,0.0,0.0
1627303735.1177042,0.0,0.0
1627303735.1612475,0.0,0.0
1627303735.176474,0.0,0.0
1627303735.2253122,0.0,0.0
1627303735.2699866,0.0,0.0
1627303735.3175583,0.0,0.0
1627303735.360102,0.0,0.0
1627303735.3800993,0.0,0.0
1627303735.429177,0.0,0.0
1627303735.4537568,0.0,0.0
1627303735.5026863,0.0,0.0
1627303735.546521,0.0,0.0
1627303735.5664597,0.0,0.0
1627303735.6156607,0.0,0.0
1627303735.6400554,0.0,0.0
1627303735.6892912,0.0,0.0
1627303735.734225,0.0,0.0
1627303735.757926,0.0,0.0
1627303735.8025017,0.0,0.0
1627303735.8228533,0.0,0.0
1627303735.8734596,0.0,0.0
1627303735.903524,0.0,0.0
1627303735.9522943,0.0,0.0
1627303735.976773,0.0,0.0
1627303736.0261643,0.0,0.0
1627303736.0713384,0.0,0.0
1627303736.0925412,0.0,0.0
1627303736.1433706,0.0,0.0
1627303736.1590083,0.0,0.0
1627303736.2068756,0.0,0.0
1627303736.2459052,0.0,0.0
1627303736.2945516,0.0,0.0
1627303736.3150694,0.0,0.0
1627303736.3635156,0.0,0.0
1627303736.408239,0.0,0.0
1627303736.4230993,0.0,0.0
1627303736.4718292,0.0,0.0
1627303736.5155332,0.0,0.0
1627303736.5640795,0.0,0.0
1627303736.607441,0.0,0.0
1627303736.6266587,0.0,0.0
1627303736.6763592,0.0,0.0
1627303736.7051954,0.0,0.0
1627303736.75443,0.0,0.0
1627303736.7981365,0.0,0.0
1627303736.8467894,0.0,0.0
1627303736.8907938,0.0,0.0
1627303736.9108498,0.0,0.0
1627303736.9590075,0.0,0.0
1627303736.9791129,0.0,0.0
1627303737.0273085,0.0,0.0
1627303737.0775735,0.0,0.0
1627303737.12802,0.0,0.0
1627303737.172217,0.0,0.0
1627303737.220338,0.0,0.0
1627303737.2685246,0.0,0.0
1627303737.3175857,0.0,0.0
1627303737.3672273,0.0,0.0
1627303737.4151976,0.0,0.0
1627303737.4635265,0.0,0.0
1627303737.5130346,0.0,0.0
1627303737.5615587,0.0,0.0
1627303737.6112137,0.0,0.0
1627303737.6558862,0.0,0.0
1627303737.703632,0.0,0.0
1627303737.7527907,0.0,0.0
1627303737.7729323,0.0,0.0
1627303737.8212085,0.0,0.0
1627303737.8414986,0.0,0.0
1627303737.8899813,0.0,0.0
1627303737.9144235,0.0,0.0
1627303737.962609,0.0,0.0
1627303738.010456,0.0,0.0
1627303738.035503,0.0,0.0
1627303738.0903258,0.0,0.0
1627303738.1178296,0.0,0.0
1627303738.173219,0.0,0.0
1627303738.2178094,0.0,0.0
1627303738.2716167,0.0,0.0
1627303738.292203,0.0,0.0
1627303738.34256,0.0,0.0
1627303738.4089901,0.0,0.0
1627303738.482764,0.0,0.0
1627303738.507903,0.0,0.0
1627303738.5573132,0.0,0.0
1627303738.589173,0.0,0.0
1627303738.643397,0.0,0.0
1627303738.6705158,0.0,0.0
1627303738.7192693,0.0,0.0
1627303738.7394936,0.0,0.0
1627303738.7891953,0.0,0.0
1627303738.8342543,0.0,0.0
1627303738.8552105,0.0,0.0
1627303738.8944755,0.0,0.0
1627303738.9183934,0.0,0.0
1627303738.9683986,0.0,0.0
1627303739.0131106,0.0,0.0
1627303739.0282786,0.0,0.0
1627303739.0788865,0.0,0.0
1627303739.1209192,0.0,0.0
1627303739.1781707,0.0,0.0
1627303739.2038515,0.0,0.0
1627303739.2871928,0.0,0.0
1627303739.31975,0.0,0.0
1627303739.3694558,0.0,0.0
1627303739.4133053,0.0,0.0
1627303739.4332445,0.0,0.0
1627303739.484062,0.0,0.0
1627303739.5082233,0.0,0.0
1627303739.5583248,0.0,0.0
1627303739.6024315,0.0,0.0
1627303739.6276028,0.0,0.0
1627303739.671119,0.0,0.0
1627303739.6913652,0.0,0.0
1627303739.7401536,0.0,0.0
1627303739.7694054,0.0,0.0
1627303739.8180907,0.0,0.0
1627303739.8467965,0.0,0.0
1627303739.8952436,0.0,0.0
1627303739.9357004,0.0,0.0
1627303739.9844947,0.0,0.0
1627303740.0300782,0.0,0.0
1627303740.078868,0.0,0.0
1627303740.1249363,0.0,0.0
1627303740.1575885,0.0,0.0
1627303740.2012725,0.0,0.0
1627303740.2165432,0.0,0.0
1627303740.2658675,0.0,0.0
1627303740.2857974,0.0,0.0
1627303740.335655,0.0,0.0
1627303740.3799715,0.0,0.0
1627303740.405603,0.0,0.0
1627303740.4516983,0.0,0.0
1627303740.4730556,0.0,0.0
1627303740.5284944,0.0,0.0
1627303740.5745683,0.0,0.0
1627303740.629682,0.0,0.0
1627303740.6830466,0.0,0.0
1627303740.7216802,0.0,0.0
1627303740.7884247,0.0,0.0
1627303740.8087125,0.0,0.0
1627303740.8551104,0.0,0.0
1627303740.8788743,0.0,0.0
1627303740.9340594,0.0,0.0
1627303740.9842217,0.0,0.0
1627303741.0382931,0.0,0.0
1627303741.092486,0.0,0.0
1627303741.1454532,0.0,0.0
1627303741.1968973,0.0,0.0
1627303741.2492146,0.0,0.0
1627303741.3005276,0.0,0.0
1627303741.3539543,0.0,0.0
1627303741.3745728,0.0,0.0
1627303741.4255323,0.0,0.0
1627303741.45107,0.0,0.0
1627303741.5035255,0.0,0.0
1627303741.5524063,0.0,0.0
1627303741.6037235,0.0,0.0
1627303741.6524935,0.0,0.0
1627303741.7056425,0.0,0.0
1627303741.726971,0.0,0.0
1627303741.7770915,0.0,0.0
1627303741.8224103,0.0,0.0
1627303741.8740973,0.0,0.0
1627303741.9239767,0.0,0.0
1627303741.9777796,0.0,0.0
1627303742.0287833,0.0,0.0
1627303742.0818782,0.0,0.0
1627303742.1327202,0.0,0.0
1627303742.1871006,0.0,0.0
1627303742.2252157,0.0,0.0
1627303742.3087869,0.0,0.0
1627303742.3354316,0.0,0.0
1627303742.3854163,0.0,0.0
1627303742.428202,0.0,0.0
1627303742.48027,0.0,0.0
1627303742.5136135,0.0,0.0
1627303742.5657284,0.0,0.0
1627303742.592891,0.0,0.0
1627303742.6436648,0.0,0.0
1627303742.6913834,0.0,0.0
1627303742.7125537,0.0,0.0
1627303742.7588873,0.0,0.0
1627303742.7748206,0.0,0.0
1627303742.8267179,0.0,0.0
1627303742.8729405,0.0,0.0
1627303742.895148,0.0,0.0
1627303742.9469516,0.0,0.0
1627303742.9632092,0.0,0.0
1627303743.013187,0.0,0.0
1627303743.0564299,0.0,0.0
1627303743.1083355,0.0,0.0
1627303743.1506019,0.0,0.0
1627303743.2046146,0.0,0.0
1627303743.2305646,0.0,0.0
1627303743.2813644,0.0,0.0
1627303743.3298998,0.0,0.0
1627303743.3508368,0.0,0.0
1627303743.40106,0.0,0.0
1627303743.4184391,0.0,0.0
1627303743.4693394,0.0,0.0
1627303743.5186155,0.0,0.0
1627303743.5385044,0.0,0.0
1627303743.588607,0.0,0.0
1627303743.6055756,0.0,0.0
1627303743.6565943,0.0,0.0
1627303743.6886234,0.0,0.0
1627303743.7397928,0.0,0.0
1627303743.7854927,0.0,0.0
1627303743.8004572,0.0,0.0
1627303743.8514385,0.0,0.0
1627303743.897885,0.0,0.0
1627303743.9125125,0.0,0.0
1627303743.9626946,0.0,0.0
1627303743.9773498,0.0,0.0
1627303744.0269666,0.0,0.0
1627303744.0712295,0.0,0.0
1627303744.0861979,0.0,0.0
1627303744.1373756,0.0,0.0
1627303744.1780076,0.0,0.0
1627303744.2261739,0.0,0.0
1627303744.2512763,0.0,0.0
1627303744.302321,0.0,0.0
1627303744.347005,0.0,0.0
1627303744.397367,0.0,0.0
1627303744.4481812,0.0,0.0
1627303744.5030468,0.0,0.0
1627303744.5374322,0.0,0.0
1627303744.5861135,0.0,0.0
1627303744.6116047,0.0,0.0
1627303744.6628587,0.0,0.0
1627303744.7135904,0.0,0.0
1627303744.7647893,0.0,0.0
1627303744.7901776,0.0,0.0
1627303744.8386226,0.0,0.0
1627303744.887809,0.0,0.0
1627303744.9354875,0.0,0.0
1627303744.9818764,0.0,0.0
1627303745.0312703,0.0,0.0
1627303745.0519738,0.0,0.0
1627303745.1026938,0.0,0.0
1627303745.1511471,0.0,0.0
1627303745.2018638,0.0,0.0
1627303745.2460384,0.0,0.0
1627303745.2962918,0.0,0.0
1627303745.3160336,0.0,0.0
1627303745.3638134,0.0,0.0
1627303745.4085763,0.0,0.0
1627303745.4564967,0.0,0.0
1627303745.5059552,0.0,0.0
1627303745.5562472,0.0,0.0
1627303745.5822206,0.0,0.0
1627303745.6333377,0.0,0.0
1627303745.6834457,0.0,0.0
1627303745.733165,0.0,0.0
1627303745.7834156,0.0,0.0
1627303745.8522882,0.0,0.0
1627303745.8973372,0.0,0.0
1627303745.9537084,0.0,0.0
1627303745.9734337,0.0,0.0
1627303746.0218136,0.0,0.0
1627303746.0655894,0.0,0.0
1627303746.0846624,0.0,0.0
1627303746.126966,0.0,0.0
1627303746.1735518,0.0,0.0
1627303746.225318,0.0,0.0
1627303746.2472627,0.0,0.0
1627303746.2998023,0.0,0.0
1627303746.3446805,0.0,0.0
1627303746.3940668,0.0,0.0
1627303746.4387348,0.0,0.0
1627303746.4547,0.0,0.0
1627303746.5052123,0.0,0.0
1627303746.539648,0.0,0.0
1627303746.5876307,0.0,0.0
1627303746.617096,0.0,0.0
1627303746.6656492,0.0,0.0
1627303746.696017,0.0,0.0
1627303746.7462857,0.0,0.0
1627303746.7758524,0.0,0.0
1627303746.8239582,0.0,0.0
1627303746.863716,0.0,0.0
1627303746.9126244,0.0,0.0
1627303746.9582586,0.0,0.0
1627303747.007766,0.0,0.0
1627303747.0521336,0.0,0.0
1627303747.076648,0.0,0.0
1627303747.1223128,0.0,0.0
1627303747.1372147,0.0,0.0
1627303747.1871338,0.0,0.0
1627303747.2334726,0.0,0.0
1627303747.253234,0.0,0.0
1627303747.3024654,0.0,0.0
1627303747.3163433,0.0,0.0
1627303747.3646832,0.0,0.0
1627303747.4093294,0.0,0.0
1627303747.4335492,0.0,0.0
1627303747.4831421,0.0,0.0
1627303747.4983268,0.0,0.0
1627303747.5469236,0.0,0.0
1627303747.584023,0.0,0.0
1627303747.6283636,0.0,0.0
1627303747.677723,0.0,0.0
1627303747.6927857,0.0,0.0
1627303747.7408986,0.0,0.0
1627303747.7865727,0.0,0.0
1627303747.8339267,0.0,0.0
1627303747.8535972,0.0,0.0
1627303747.9040427,0.0,0.0
1627303747.9544048,0.0,0.0
1627303748.0055816,0.0,0.0
1627303748.0635185,0.0,0.0
1627303748.143593,0.0,0.0
1627303748.1629899,0.0,0.0
1627303748.2141614,0.0,0.0
1627303748.2582269,0.0,0.0
1627303748.2819252,0.0,0.0
1627303748.3309853,0.0,0.0
1627303748.350501,0.0,0.0
1627303748.3994684,0.0,0.0
1627303748.4196274,0.0,0.0
1627303748.4690962,0.0,0.0
1627303748.5180447,0.0,0.0
1627303748.5653524,0.0,0.0
1627303748.6162963,0.0,0.0
1627303748.66388,0.0,0.0
1627303748.710334,0.0,0.0
1627303748.7635303,0.0,0.0
1627303748.808753,0.0,0.0
1627303748.8767698,0.0,0.0
1627303748.9500842,0.0,0.0
1627303748.9996474,0.0,0.0
1627303749.0205019,0.0,0.0
1627303749.0689907,0.0,0.0
1627303749.1145346,0.0,0.0
1627303749.163044,0.0,0.0
1627303749.2083232,0.0,0.0
1627303749.2587655,0.0,0.0
1627303749.3087199,0.0,0.0
1627303749.3287053,0.0,0.0
1627303749.3772733,0.0,0.0
1627303749.4023528,0.0,0.0
1627303749.4514854,0.0,0.0
1627303749.5034025,0.0,0.0
1627303749.5526536,0.0,0.0
1627303749.5968378,0.0,0.0
1627303749.6177926,0.0,0.0
1627303749.6618674,0.0,0.0
1627303749.6816275,0.0,0.0
1627303749.7313936,0.0,0.0
1627303749.7750986,0.0,0.0
1627303749.7954323,0.0,0.0
1627303749.8439023,0.0,0.0
1627303749.8636088,0.0,0.0
1627303749.911938,0.0,0.0
1627303749.9358835,0.0,0.0
1627303749.9851363,0.0,0.0
1627303750.0344853,0.0,0.0
1627303750.0821836,0.0,0.0
1627303750.127065,0.0,0.0
1627303750.147094,0.0,0.0
1627303750.1860886,0.0,0.0
1627303750.2109127,0.0,0.0
1627303750.2615292,0.0,0.0
1627303750.3053498,0.0,0.0
1627303750.325734,0.0,0.0
1627303750.3739884,0.0,0.0
1627303750.3889852,0.0,0.0
1627303750.4396503,0.0,0.0
1627303750.486007,0.0,0.0
1627303750.5063183,0.0,0.0
1627303750.5510638,0.0,0.0
1627303750.5711324,0.0,0.0
1627303750.6217213,0.0,0.0
1627303750.6492405,0.0,0.0
1627303750.6974936,0.0,0.0
1627303750.7423952,0.0,0.0
1627303750.7620559,0.0,0.0
1627303750.8060496,0.0,0.0
1627303750.8206096,0.0,0.0
1627303750.868488,0.0,0.0
1627303750.9194353,0.0,0.0
1627303750.9338531,0.0,0.0
1627303750.9825566,0.0,0.0
1627303751.0072021,0.0,0.0
1627303751.0553293,0.0,0.0
1627303751.0993545,0.0,0.0
1627303751.149012,0.0,0.0
1627303751.1930494,0.0,0.0
1627303751.2121127,0.0,0.0
1627303751.2600286,0.0,0.0
1627303751.2805696,0.0,0.0
1627303751.3288548,0.0,0.0
1627303751.3721395,0.0,0.0
1627303751.4200861,0.0,0.0
1627303751.468832,0.0,0.0
1627303751.4843884,0.0,0.0
1627303751.5330799,0.0,0.0
1627303751.5714767,0.0,0.0
1627303751.6198792,0.0,0.0
1627303751.6499445,0.0,0.0
1627303751.6994314,0.0,0.0
1627303751.7462378,0.0,0.0
1627303751.7939246,0.0,0.0
1627303751.8185346,0.0,0.0
1627303751.8675325,0.0,0.0
1627303751.9178863,0.0,0.0
1627303751.965591,0.0,0.0
1627303752.015322,0.0,0.0
1627303752.0636635,0.0,0.0
1627303752.1126833,0.0,0.0
1627303752.160746,0.0,0.0
1627303752.2098422,0.0,0.0
1627303752.2601194,0.0,0.0
1627303752.3037977,0.0,0.0
1627303752.3528605,0.0,0.0
1627303752.401614,0.0,0.0
1627303752.4169676,0.0,0.0
1627303752.4652343,0.0,0.0
1627303752.51064,0.0,0.0
1627303752.5588691,0.0,0.0
1627303752.5777001,0.0,0.0
1627303752.627503,0.0,0.0
1627303752.6519969,0.0,0.0
1627303752.7006638,0.0,0.0
1627303752.750171,0.0,0.0
1627303752.7982388,0.0,0.0
1627303752.8224254,0.0,0.0
1627303752.8704739,0.0,0.0
1627303752.9140651,0.0,0.0
1627303752.9391067,0.0,0.0
1627303752.9877167,0.0,0.0
1627303753.0027273,0.0,0.0
1627303753.0501153,0.0,0.0
1627303753.0950181,0.0,0.0
1627303753.1439998,0.0,0.0
1627303753.1632018,0.0,0.0
1627303753.2410517,0.0,0.0
1627303753.3058755,0.0,0.0
1627303753.3201234,0.0,0.0
1627303753.3683295,0.0,0.0
1627303753.3879824,0.0,0.0
1627303753.435691,0.0,0.0
1627303753.4791849,0.0,0.0
1627303753.4985712,0.0,0.0
1627303753.5414863,0.0,0.0
1627303753.58537,0.0,0.0
1627303753.6335244,0.0,0.0
1627303753.655474,0.0,0.0
1627303753.7030864,0.0,0.0
1627303753.732074,0.0,0.0
1627303753.778742,0.0,0.0
1627303753.8074713,0.0,0.0
1627303753.855836,0.0,0.0
1627303753.8843346,0.0,0.0
1627303753.9323163,0.0,0.0
1627303753.9759731,0.0,0.0
1627303753.9995904,0.0,0.0
1627303754.0436597,0.0,0.0
1627303754.0641098,0.0,0.0
1627303754.1129146,0.0,0.0
1627303754.1579244,0.0,0.0
1627303754.1729825,0.0,0.0
1627303754.2180362,0.0,0.0
1627303754.2430034,0.0,0.0
1627303754.3000844,0.0,0.0
1627303754.3208125,0.0,0.0
1627303754.3752892,0.0,0.0
1627303754.4210744,0.0,0.0
1627303754.472042,0.0,0.0
1627303754.5181959,0.0,0.0
1627303754.5450852,0.0,0.0
1627303754.5913415,0.0,0.0
1627303754.6127057,0.0,0.0
1627303754.663619,0.0,0.0
1627303754.7308164,0.0,0.0
1627303754.764643,0.0,0.0
1627303754.8218641,0.0,0.0
1627303754.8361897,0.0,0.0
1627303754.886441,0.0,0.0
1627303754.9287486,0.0,0.0
1627303754.9766002,0.0,0.0
1627303755.0208175,0.0,0.0
1627303755.0711718,0.0,0.0
1627303755.1176994,0.0,0.0
1627303755.1674666,0.0,0.0
1627303755.210998,0.0,0.0
1627303755.2620115,0.0,0.0
1627303755.310835,0.0,0.0
1627303755.3259034,0.0,0.0
1627303755.3757577,0.0,0.0
1627303755.4197743,0.0,0.0
1627303755.468503,0.0,0.0
1627303755.4878027,0.0,0.0
1627303755.537379,0.0,0.0
1627303755.6550136,0.0,0.0
1627303755.6575134,0.0,0.0
1627303755.6575234,0.0,0.0
1627303755.693053,0.0,0.0
1627303755.791874,0.0,0.0
1627303755.797016,0.0,0.0
1627303755.808939,0.0,0.0
1627303755.926398,0.0,0.0
1627303755.9292154,0.0,0.0
1627303755.9499714,0.0,0.0
1627303756.0617402,0.0,0.0
1627303756.0658276,0.0,0.0
1627303756.0658393,0.0,0.0
1627303756.1971245,0.0,0.0
1627303756.2012308,0.0,0.0
1627303756.2012393,0.0,0.0
1627303756.2139637,0.0,0.0
1627303756.3349593,0.0,0.0
1627303756.3397152,0.0,0.0
1627303756.3540611,0.0,0.0
1627303756.467533,0.0,0.0
1627303756.4712949,0.0,0.0
1627303756.4713094,0.0,0.0
1627303756.5061965,0.0,0.0
1627303756.5584686,0.0,0.0
1627303756.5828905,0.0,0.0
1627303756.7273076,0.0,0.0
1627303756.7296531,0.0,0.0
1627303756.7296584,0.0,0.0
1627303756.7485633,0.0,0.0
1627303756.8961277,0.0,0.0
1627303756.9005675,0.0,0.0
1627303756.900573,0.0,0.0
1627303756.9006138,0.0,0.0
1627303757.0646281,0.0,0.0
1627303757.0673943,0.0,0.0
1627303757.0674005,0.0,0.0
1627303757.0698307,0.0,0.0
1627303757.1764495,0.0,0.0
1627303757.1802022,0.0,0.0
1627303757.2032585,0.0,0.0
1627303757.334105,0.0,0.0
1627303757.3445702,0.0,0.0
1627303757.3445804,0.0,0.0
1627303757.371616,0.0,0.0
1627303757.5043344,0.0,0.0
1627303757.5079594,0.0,0.0
1627303757.5079646,0.0,0.0
1627303757.520582,0.0,0.0
1627303757.5414224,0.0,0.0
1627303757.6760411,0.0,0.0
1627303757.6788144,0.0,0.0
1627303757.678846,0.0,0.0
1627303757.7086685,0.0,0.0
1627303757.8437097,0.0,0.0
1627303757.8474581,0.0,0.0
1627303757.8572307,0.0,0.0
1627303757.9915268,0.0,0.0
1627303758.0008068,0.0,0.0
1627303758.0008097,0.0,0.0
1627303758.0306525,0.0,0.0
1627303758.1623585,0.0,0.0
1627303758.1665015,0.0,0.0
1627303758.1787157,0.0,0.0
1627303758.3309,0.0,0.0
1627303758.3339417,0.0,0.0
1627303758.3339522,0.0,0.0
1627303758.5000784,0.0,0.0
1627303758.5041342,0.0,0.0
1627303758.5041606,0.0,0.0
1627303758.5232878,0.0,0.0
1627303758.5408945,0.0,0.0
1627303758.6697574,0.0,0.0
1627303758.673556,0.0,0.0
1627303758.6735663,0.0,0.0
1627303758.6917872,0.0,0.0
1627303758.83939,0.0,0.0
1627303758.8431747,0.0,0.0
1627303758.8431823,0.0,0.0
1627303758.8662636,0.0,0.0
1627303759.0073533,0.0,0.0
1627303759.0131447,0.0,0.0
1627303759.013179,0.0,0.0
1627303759.0425267,0.0,0.0
1627303759.1810544,0.0,0.0
1627303759.1831574,0.0,0.0
1627303759.18497,0.0,0.0
1627303759.213311,0.0,0.0
1627303759.3120167,0.0,0.0
1627303759.315099,0.0,0.0
1627303759.3445368,0.0,0.0
1627303759.443041,0.0,0.0
1627303759.445829,0.0,0.0
1627303759.4630706,0.0,0.0
1627303759.5312526,0.0,0.0
1627303759.558871,0.0,0.0
1627303759.580033,0.0,0.0
1627303759.6348896,0.0,0.0
1627303759.6516802,0.0,0.0
1627303759.7042675,0.0,0.0
1627303759.731788,0.0,0.0
1627303759.785087,0.0,0.0
1627303759.8301091,0.0,0.0
1627303759.8833866,0.0,0.0
1627303759.9107072,0.0,0.0
1627303759.96533,0.0,0.0
1627303760.019758,0.0,0.0
1627303760.071668,0.0,0.0
1627303760.0994394,0.0,0.0
1627303760.152754,0.0,0.0
1627303760.193485,0.0,0.0
1627303760.2467015,0.0,0.0
1627303760.2952187,0.0,0.0
1627303760.3518577,0.0,0.0
1627303760.400293,0.0,0.0
1627303760.4532743,0.0,0.0
1627303760.5021598,0.0,0.0
1627303760.5554686,0.0,0.0
1627303760.603732,0.0,0.0
1627303760.6570659,0.0,0.0
1627303760.7096636,0.0,0.0
1627303760.7633913,0.0,0.0
1627303760.7909381,0.0,0.0
1627303760.8432837,0.0,0.0
1627303760.8967087,0.0,0.0
1627303760.9514296,0.0,0.0
1627303761.0004785,0.0,0.0
1627303761.0544975,0.0,0.0
1627303761.0773005,0.0,0.0
1627303761.1305745,0.0,0.0
1627303761.161118,0.0,0.0
1627303761.215293,0.0,0.0
1627303761.2644744,0.0,0.0
1627303761.3178666,0.0,0.0
1627303761.3397145,0.0,0.0
1627303761.3962042,0.0,0.0
1627303761.4233,0.0,0.0
1627303761.4773786,0.0,0.0
1627303761.5271425,0.0,0.0
1627303761.5794978,0.0,0.0
1627303761.629933,0.0,0.0
1627303761.6765082,0.0,0.0
1627303761.725019,0.0,0.0
1627303761.773778,0.0,0.0
1627303761.8014245,0.0,0.0
1627303761.855515,0.0,0.0
1627303761.8773954,0.0,0.0
1627303761.9314783,0.0,0.0
1627303761.9765496,0.0,0.0
1627303761.9978237,0.0,0.0
1627303762.051882,0.0,0.0
1627303762.0689902,0.0,0.0
1627303762.122866,0.0,0.0
1627303762.1786215,0.0,0.0
1627303762.2311904,0.0,0.0
1627303762.2578511,0.0,0.0
1627303762.3099189,0.0,0.0
1627303762.3374324,0.0,0.0
1627303762.3929462,0.0,0.0
1627303762.4200664,0.0,0.0
1627303762.473987,0.0,0.0
1627303762.501076,0.0,0.0
1627303762.5552263,0.0,0.0
1627303762.576353,0.0,0.0
1627303762.6297362,0.0,0.0
1627303762.658009,0.0,0.0
1627303762.7111814,0.0,0.0
1627303762.7666638,0.0,0.0
1627303762.8190935,0.0,0.0
1627303762.8411007,0.0,0.0
1627303762.8944867,0.0,0.0
1627303762.9435332,0.0,0.0
1627303762.9965842,0.0,0.0
1627303763.024553,0.0,0.0
1627303763.07716,0.0,0.0
1627303763.1269028,0.0,0.0
1627303763.180703,0.0,0.0
1627303763.2022343,0.0,0.0
1627303763.254443,0.0,0.0
1627303763.2871437,0.0,0.0
1627303763.3394723,0.0,0.0
1627303763.3666015,0.0,0.0
1627303763.4221928,0.0,0.0
1627303763.4663384,0.0,0.0
1627303763.5168939,0.0,0.0
1627303763.5385814,0.0,0.0
1627303763.5921319,0.0,0.0
1627303763.6364715,0.0,0.0
1627303763.656787,0.0,0.0
1627303763.7085981,0.0,0.0
1627303763.7231019,0.0,0.0
1627303763.7734516,0.0,0.0
1627303763.8170936,0.0,0.0
1627303763.836803,0.0,0.0
1627303763.8809264,0.0,0.0
1627303763.900961,0.0,0.0
1627303763.9502726,0.0,0.0
1627303763.9912243,0.0,0.0
1627303764.0106158,0.0,0.0
1627303764.0608299,0.0,0.0
1627303764.0810063,0.0,0.0
1627303764.1325831,0.0,0.0
1627303764.2101383,0.0,0.0
1627303764.2958617,0.0,0.0
1627303764.3311217,0.0,0.0
1627303764.3900216,0.0,0.0
1627303764.4104197,0.0,0.0
1627303764.46536,0.0,0.0
1627303764.5097148,0.0,0.0
1627303764.562919,0.0,0.0
1627303764.612659,0.0,0.0
1627303764.6289392,0.0,0.0
1627303764.6783404,0.0,0.0
1627303764.725769,0.0,0.0
1627303764.7735293,0.0,0.0
1627303764.793653,0.0,0.0
1627303764.842592,0.0,0.0
1627303764.8812397,0.0,0.0
1627303764.9011018,0.0,0.0
1627303764.9499347,0.0,0.0
1627303764.9930906,0.0,0.0
1627303765.0079277,0.0,0.0
1627303765.0569136,0.0,0.0
1627303765.0973532,0.0,0.0
1627303765.1462874,0.0,0.0
1627303765.1874576,0.0,0.0
1627303765.2091215,0.0,0.0
1627303765.2561176,0.0,0.0
1627303765.2774513,0.0,0.0
1627303765.3243165,0.0,0.0
1627303765.3757823,0.0,0.0
1627303765.3918183,0.0,0.0
1627303765.4439442,0.0,0.0
1627303765.4871964,0.0,0.0
1627303765.5311122,0.0,0.0
1627303765.5789201,0.0,0.0
1627303765.6267033,0.0,0.0
1627303765.651323,0.0,0.0
1627303765.700258,0.0,0.0
1627303765.7243001,0.0,0.0
1627303765.7809665,0.0,0.0
1627303765.851171,0.0,0.0
1627303765.9071233,0.0,0.0
1627303765.9263904,0.0,0.0
1627303765.9754257,0.0,0.0
1627303765.9996848,0.0,0.0
1627303766.050501,0.0,0.0
1627303766.0950131,0.0,0.0
1627303766.1101298,0.0,0.0
1627303766.159267,0.0,0.0
1627303766.186692,0.0,0.0
1627303766.2354558,0.0,0.0
1627303766.279584,0.0,0.0
1627303766.294977,0.0,0.0
1627303766.3433294,0.0,0.0
1627303766.3634248,0.0,0.0
1627303766.4124153,0.0,0.0
1627303766.4608104,0.0,0.0
1627303766.509895,0.0,0.0
1627303766.5568264,0.0,0.0
1627303766.5778897,0.0,0.0
1627303766.6239064,0.0,0.0
1627303766.6442478,0.0,0.0
1627303766.6947808,0.0,0.0
1627303766.7392483,0.0,0.0
1627303766.7588744,0.0,0.0
1627303766.803449,0.0,0.0
1627303766.8225265,0.0,0.0
1627303766.8722756,0.0,0.0
1627303766.9162495,0.0,0.0
1627303766.9374201,0.0,0.0
1627303766.9830327,0.0,0.0
1627303767.003349,0.0,0.0
1627303767.0512915,0.0,0.0
1627303767.0971541,0.0,0.0
1627303767.1180038,0.0,0.0
1627303767.1698472,0.0,0.0
1627303767.1851609,0.0,0.0
1627303767.2333403,0.0,0.0
1627303767.2631185,0.0,0.0
1627303767.3128448,0.0,0.0
1627303767.3518755,0.0,0.0
1627303767.379926,0.0,0.0
1627303767.4201744,0.0,0.0
1627303767.439916,0.0,0.0
1627303767.4911265,0.0,0.0
1627303767.5251567,0.0,0.0
1627303767.5775373,0.0,0.0
1627303767.6065984,0.0,0.0
1627303767.6555636,0.0,0.0
1627303767.6855536,0.0,0.0
1627303767.736684,0.0,0.0
1627303767.7612524,0.0,0.0
1627303767.8123956,0.0,0.0
1627303767.8519592,0.0,0.0
1627303767.872955,0.0,0.0
1627303767.9228888,0.0,0.0
1627303767.950041,0.0,0.0
1627303767.999357,0.0,0.0
1627303768.0401547,0.0,0.0
1627303768.0602148,0.0,0.0
1627303768.1104965,0.0,0.0
1627303768.125564,0.0,0.0
1627303768.1780522,0.0,0.0
1627303768.216077,0.0,0.0
1627303768.2365203,0.0,0.0
1627303768.2868621,0.0,0.0
1627303768.307052,0.0,0.0
1627303768.358522,0.0,0.0
1627303768.3999622,0.0,0.0
1627303768.4199474,0.0,0.0
1627303768.4733047,0.0,0.0
1627303768.4943907,0.0,0.0
1627303768.539882,0.0,0.0
1627303768.5823085,0.0,0.0
1627303768.6288443,0.0,0.0
1627303768.6540198,0.0,0.0
1627303768.6997728,0.0,0.0
1627303768.7489889,0.0,0.0
1627303768.7638729,0.0,0.0
1627303768.8132236,0.0,0.0
1627303768.8503516,0.0,0.0
1627303768.9004538,0.0,0.0
1627303768.9400926,0.0,0.0
1627303768.9658597,0.0,0.0
1627303769.0064209,0.0,0.0
1627303769.0337753,0.0,0.0
1627303769.0826142,0.0,0.0
1627303769.1367347,0.0,0.0
1627303769.1552896,0.0,0.0
1627303769.2102683,0.0,0.0
1627303769.253559,0.0,0.0
1627303769.3063784,0.0,0.0
1627303769.323166,0.0,0.0
1627303769.3758583,0.0,0.0
1627303769.4413557,0.0,0.0
1627303769.48091,0.0,0.0
1627303769.5389984,0.0,0.0
1627303769.555003,0.0,0.0
1627303769.6043708,0.0,0.0
1627303769.6239936,0.0,0.0
1627303769.6682568,0.0,0.0
1627303769.7173645,0.0,0.0
1627303769.7336023,0.0,0.0
1627303769.7860794,0.0,0.0
1627303769.8242726,0.0,0.0
1627303769.874878,0.0,0.0
1627303769.9204915,0.0,0.0
1627303769.9693406,0.0,0.0
1627303770.0147612,0.0,0.0
1627303770.0655267,0.0,0.0
1627303770.1116774,0.0,0.0
1627303770.1273046,0.0,0.0
1627303770.1749833,0.0,0.0
1627303770.2126951,0.0,0.0
1627303770.2643323,0.0,0.0
1627303770.3127842,0.0,0.0
1627303770.3285997,0.0,0.0
1627303770.3805375,0.0,0.0
1627303770.398552,0.0,0.0
1627303770.4474576,0.0,0.0
1627303770.4950175,0.0,0.0
1627303770.5091918,0.0,0.0
1627303770.5602548,0.0,0.0
1627303770.5804088,0.0,0.0
1627303770.629311,0.0,0.0
1627303770.6692286,0.0,0.0
1627303770.6939425,0.0,0.0
1627303770.7436242,0.0,0.0
1627303770.7589238,0.0,0.0
1627303770.8117704,0.0,0.0
1627303770.851174,0.0,0.0
1627303770.8710642,0.0,0.0
1627303770.9225867,0.0,0.0
1627303770.9479983,0.0,0.0
1627303770.9980607,0.0,0.0
1627303771.037344,0.0,0.0
1627303771.062019,0.0,0.0
1627303771.106126,0.0,0.0
1627303771.1266656,0.0,0.0
1627303771.1762948,0.0,0.0
1627303771.2022645,0.0,0.0
1627303771.2523704,0.0,0.0
1627303771.292758,0.0,0.0
1627303771.3170872,0.0,0.0
1627303771.3625734,0.0,0.0
1627303771.3837233,0.0,0.0
1627303771.4332027,0.0,0.0
1627303771.4750466,0.0,0.0
1627303771.4998457,0.0,0.0
1627303771.545981,0.0,0.0
1627303771.5649261,0.0,0.0
1627303771.6153853,0.0,0.0
1627303771.640425,0.0,0.0
1627303771.6891937,0.0,0.0
1627303771.7411017,0.0,0.0
1627303771.763565,0.0,0.0
1627303771.8119602,0.0,0.0
1627303771.833857,0.0,0.0
1627303771.8860586,0.0,0.0
1627303771.9133267,0.0,0.0
1627303771.9656012,0.0,0.0
1627303772.0083954,0.0,0.0
1627303772.029558,0.0,0.0
1627303772.0821998,0.0,0.0
1627303772.0986652,0.0,0.0
1627303772.1455224,0.0,0.0
1627303772.1986966,0.0,0.0
1627303772.246289,0.0,0.0
1627303772.268404,0.0,0.0
1627303772.313841,0.0,0.0
1627303772.3474898,0.0,0.0
1627303772.3946226,0.0,0.0
1627303772.4434302,0.0,0.0
1627303772.458562,0.0,0.0
1627303772.5099669,0.0,0.0
1627303772.5501382,0.0,0.0
1627303772.5942032,0.0,0.0
1627303772.6190507,0.0,0.0
1627303772.664076,0.0,0.0
1627303772.7137165,0.0,0.0
1627303772.7281792,0.0,0.0
1627303772.7724364,0.0,0.0
1627303772.8125806,0.0,0.0
1627303772.8620985,0.0,0.0
1627303772.9066412,0.0,0.0
1627303772.9259896,0.0,0.0
1627303772.9703693,0.0,0.0
1627303772.990791,0.0,0.0
1627303773.034864,0.0,0.0
1627303773.0747957,0.0,0.0
1627303773.118354,0.0,0.0
1627303773.1437151,0.0,0.0
1627303773.1883252,0.0,0.0
1627303773.231821,0.0,0.0
1627303773.2519987,0.0,0.0
1627303773.300784,0.0,0.0
1627303773.3253007,0.0,0.0
1627303773.3688328,0.0,0.0
1627303773.4184668,0.0,0.0
1627303773.4377546,0.0,0.0
1627303773.4903595,0.0,0.0
1627303773.514936,0.0,0.0
1627303773.5644362,0.0,0.0
1627303773.6081862,0.0,0.0
1627303773.6228147,0.0,0.0
1627303773.672074,0.0,0.0
1627303773.692222,0.0,0.0
1627303773.7431102,0.0,0.0
1627303773.7882786,0.0,0.0
1627303773.8082,0.0,0.0
1627303773.8526921,0.0,0.0
1627303773.873121,0.0,0.0
1627303773.9223604,0.0,0.0
1627303773.9669616,0.0,0.0
1627303773.9861445,0.0,0.0
1627303774.0309942,0.0,0.0
1627303774.0510173,0.0,0.0
1627303774.0999,0.0,0.0
1627303774.1440492,0.0,0.0
1627303774.1948435,0.0,0.0
1627303774.2382226,0.0,0.0
1627303774.2527828,0.0,0.0
1627303774.3014448,0.0,0.0
1627303774.3328047,0.0,0.0
1627303774.383226,0.0,0.0
1627303774.4321117,0.0,0.0
1627303774.4470172,0.0,0.0
1627303774.4986074,0.0,0.0
1627303774.5362852,0.0,0.0
1627303774.5893104,0.0,0.0
1627303774.6312313,0.0,0.0
1627303774.653175,0.0,0.0
1627303774.7043002,0.0,0.0
1627303774.7246697,0.0,0.0
1627303774.77793,0.0,0.0
1627303774.819873,0.0,0.0
1627303774.8395238,0.0,0.0
1627303774.8918326,0.0,0.0
1627303774.913702,0.0,0.0
1627303774.966268,0.0,0.0
1627303775.0093973,0.0,0.0
1627303775.0293853,0.0,0.0
1627303775.0788891,0.0,0.0
1627303775.0954103,0.0,0.0
1627303775.1481047,0.0,0.0
1627303775.1931872,0.0,0.0
1627303775.2426093,0.0,0.0
1627303775.2835526,0.0,0.0
1627303775.3108618,0.0,0.0
1627303775.3569438,0.0,0.0
1627303775.3772624,0.0,0.0
1627303775.427436,0.0,0.0
1627303775.466481,0.0,0.0
1627303775.4931135,0.0,0.0
1627303775.5375729,0.0,0.0
1627303775.5568805,0.0,0.0
1627303775.6008558,0.0,0.0
1627303775.647655,0.0,0.0
1627303775.6978304,0.0,0.0
1627303775.7232764,0.0,0.0
1627303775.7693913,0.0,0.0
1627303775.8200343,0.0,0.0
1627303775.8339477,0.0,0.0
1627303775.8832848,0.0,0.0
1627303775.9024584,0.0,0.0
1627303775.9457588,0.0,0.0
1627303775.9944105,0.0,0.0
1627303776.009726,0.0,0.0
1627303776.0549188,0.0,0.0
1627303776.1042476,0.0,0.0
1627303776.1192849,0.0,0.0
1627303776.1641812,0.0,0.0
1627303776.2126637,0.0,0.0
1627303776.2588406,0.0,0.0
1627303776.279859,0.0,0.0
1627303776.3256085,0.0,0.0
1627303776.3787637,0.0,0.0
1627303776.3950262,0.0,0.0
1627303776.443527,0.0,0.0
1627303776.4940236,0.0,0.0
1627303776.5450177,0.0,0.0
1627303776.5959468,0.0,0.0
1627303776.6650023,0.0,0.0
1627303776.6903427,0.0,0.0
1627303776.7407062,0.0,0.0
1627303776.787232,0.0,0.0
1627303776.8081515,0.0,0.0
1627303776.853277,0.0,0.0
1627303776.8740108,0.0,0.0
1627303776.9192355,0.0,0.0
1627303776.9707122,0.0,0.0
1627303776.986154,0.0,0.0
1627303777.0312877,0.0,0.0
1627303777.0815399,0.0,0.0
1627303777.131924,0.0,0.0
1627303777.1523674,0.0,0.0
1627303777.1980424,0.0,0.0
1627303777.2378218,0.0,0.0
1627303777.2891116,0.0,0.0
1627303777.3096046,0.0,0.0
1627303777.3600016,0.0,0.0
1627303777.3859549,0.0,0.0
1627303777.4354808,0.0,0.0
1627303777.4821076,0.0,0.0
1627303777.5053008,0.0,0.0
1627303777.5516136,0.0,0.0
1627303777.5672643,0.0,0.0
1627303777.6162868,0.0,0.0
1627303777.6577914,0.0,0.0
1627303777.7064934,0.0,0.0
1627303777.7317207,0.0,0.0
1627303777.7807128,0.0,0.0
1627303777.8266666,0.0,0.0
1627303777.846973,0.0,0.0
1627303777.8919015,0.0,0.0
1627303777.9065979,0.0,0.0
1627303777.9552732,0.0,0.0
1627303777.9996681,0.0,0.0
1627303778.0154932,0.0,0.0
1627303778.0655737,0.0,0.0
1627303778.0901642,0.0,0.0
1627303778.1387396,0.0,0.0
1627303778.1828601,0.0,0.0
1627303778.202662,0.0,0.0
1627303778.252084,0.0,0.0
1627303778.2680693,0.0,0.0
1627303778.318031,0.0,0.0
1627303778.3581946,0.0,0.0
1627303778.3790267,0.0,0.0
1627303778.4282198,0.0,0.0
1627303778.4530041,0.0,0.0
1627303778.5046072,0.0,0.0
1627303778.5497415,0.0,0.0
1627303778.569742,0.0,0.0
1627303778.614238,0.0,0.0
1627303778.6343882,0.0,0.0
1627303778.6838229,0.0,0.0
1627303778.7107747,0.0,0.0
1627303778.759511,0.0,0.0
1627303778.799319,0.0,0.0
1627303778.824889,0.0,0.0
1627303778.8689134,0.0,0.0
1627303778.8886564,0.0,0.0
1627303778.9381802,0.0,0.0
1627303778.9778821,0.0,0.0
1627303778.9980338,0.0,0.0
1627303779.0421112,0.0,0.0
1627303779.067456,0.0,0.0
1627303779.116527,0.0,0.0
1627303779.156533,0.0,0.0
1627303779.1824048,0.0,0.0
1627303779.226904,0.0,0.0
1627303779.2518718,0.0,0.0
1627303779.3004625,0.0,0.0
1627303779.3400285,0.0,0.0
1627303779.3644059,0.0,0.0
1627303779.4113288,0.0,0.0
1627303779.4339778,0.0,0.0
1627303779.480318,0.0,0.0
1627303779.5308442,0.0,0.0
1627303779.546032,0.0,0.0
1627303779.5915868,0.0,0.0
1627303779.6428254,0.0,0.0
1627303779.6868546,0.0,0.0
1627303779.7076125,0.0,0.0
1627303779.7524743,0.0,0.0
1627303779.801332,0.0,0.0
1627303779.8172395,0.0,0.0
1627303779.8662915,0.0,0.0
1627303779.9072244,0.0,0.0
1627303779.9503808,0.0,0.0
1627303779.999531,0.0,0.0
1627303780.0153146,0.0,0.0
1627303780.0597007,0.0,0.0
1627303780.1085901,0.0,0.0
1627303780.1233358,0.0,0.0
1627303780.1667924,0.0,0.0
1627303780.210919,0.0,0.0
1627303780.2562215,0.0,0.0
1627303780.276208,0.0,0.0
1627303780.3200958,0.0,0.0
1627303780.3702297,0.0,0.0
1627303780.3854485,0.0,0.0
1627303780.430487,0.0,0.0
1627303780.479019,0.0,0.0
1627303780.4940064,0.0,0.0
1627303780.5406914,0.0,0.0
1627303780.5759954,0.0,0.0
1627303780.621153,0.0,0.0
1627303780.670549,0.0,0.0
1627303780.6862466,0.0,0.0
1627303780.7352722,0.0,0.0
1627303780.7802324,0.0,0.0
1627303780.7957072,0.0,0.0
1627303780.8404696,0.0,0.0
1627303780.8606167,0.0,0.0
1627303780.9048839,0.0,0.0
1627303780.9543428,0.0,0.0
1627303780.9692364,0.0,0.0
1627303781.0137172,0.0,0.0
1627303781.058682,0.0,0.0
1627303781.07803,0.0,0.0
1627303781.126442,0.0,0.0
1627303781.1722693,0.0,0.0
1627303781.187764,0.0,0.0
1627303781.2402687,0.0,0.0
1627303781.2740705,0.0,0.0
1627303781.3229885,0.0,0.0
1627303781.3429036,0.0,0.0
1627303781.391999,0.0,0.0
1627303781.437109,0.0,0.0
1627303781.4523017,0.0,0.0
1627303781.5025675,0.0,0.0
1627303781.5497038,0.0,0.0
1627303781.5643818,0.0,0.0
1627303781.61393,0.0,0.0
1627303781.6301944,0.0,0.0
1627303781.679485,0.0,0.0
1627303781.7243702,0.0,0.0
1627303781.7732837,0.0,0.0
1627303781.818022,0.0,0.0
1627303781.8383887,0.0,0.0
1627303781.8878117,0.0,0.0
1627303781.9027224,0.0,0.0
1627303781.950994,0.0,0.0
1627303781.995256,0.0,0.0
1627303782.0098603,0.0,0.0
1627303782.0583794,0.0,0.0
1627303782.098609,0.0,0.0
1627303782.1472116,0.0,0.0
1627303782.166226,0.0,0.0
1627303782.215534,0.0,0.0
1627303782.2464674,0.0,0.0
1627303782.2949574,0.0,0.0
1627303782.3245523,0.0,0.0
1627303782.372987,0.0,0.0
1627303782.398258,0.0,0.0
1627303782.4481568,0.0,0.0
1627303782.4898233,0.0,0.0
1627303782.5172787,0.0,0.0
1627303782.5639734,0.0,0.0
1627303782.5798337,0.0,0.0
1627303782.6298025,0.0,0.0
1627303782.6703422,0.0,0.0
1627303782.6902115,0.0,0.0
1627303782.7347367,0.0,0.0
1627303782.760178,0.0,0.0
1627303782.805435,0.0,0.0
1627303782.8569915,0.0,0.0
1627303782.8722012,0.0,0.0
1627303782.917723,0.0,0.0
1627303782.958608,0.0,0.0
1627303783.0112097,0.0,0.0
1627303783.0982568,0.0,0.0
1627303783.1134126,0.0,0.0
1627303783.1644132,0.0,0.0
1627303783.1847706,0.0,0.0
1627303783.2291665,0.0,0.0
1627303783.2667842,0.0,0.0
1627303783.3120794,0.0,0.0
1627303783.3617904,0.0,0.0
1627303783.3775375,0.0,0.0
1627303783.4219284,0.0,0.0
1627303783.472461,0.0,0.0
1627303783.4877682,0.0,0.0
1627303783.5332599,0.0,0.0
1627303783.5775533,0.0,0.0
1627303783.6212285,0.0,0.0
1627303783.6511252,0.0,0.0
1627303783.695517,0.0,0.0
1627303783.7476258,0.0,0.0
1627303783.7626543,0.0,0.0
1627303783.8064601,0.0,0.0
1627303783.8452911,0.0,0.0
1627303783.894462,0.0,0.0
1627303783.9095473,0.0,0.0
1627303783.9547377,0.0,0.0
1627303784.0041003,0.0,0.0
1627303784.0188916,0.0,0.0
1627303784.0640154,0.0,0.0
1627303784.1128776,0.0,0.0
1627303784.1287036,0.0,0.0
1627303784.1734076,0.0,0.0
1627303784.2176461,0.0,0.0
1627303784.2619345,0.0,0.0
1627303784.2879345,0.0,0.0
1627303784.3305657,0.0,0.0
1627303784.378926,0.0,0.0
1627303784.394292,0.0,0.0
1627303784.4423926,0.0,0.0
1627303784.4888184,0.0,0.0
1627303784.5139437,0.0,0.0
1627303784.6089954,0.0,0.0
1627303784.63436,0.0,0.0
1627303784.678027,0.0,0.0
1627303784.707292,0.0,0.0
1627303784.756456,0.0,0.0
1627303784.801434,0.0,0.0
1627303784.8519235,0.0,0.0
1627303784.8986077,0.0,0.0
1627303784.9183884,0.0,0.0
1627303784.9635334,0.0,0.0
1627303784.9851577,0.0,0.0
1627303785.0367548,0.0,0.0
1627303785.0619128,0.0,0.0
1627303785.1119547,0.0,0.0
1627303785.1583076,0.0,0.0
1627303785.1724927,0.0,0.0
1627303785.2223341,0.0,0.0
1627303785.2375314,0.0,0.0
1627303785.2882001,0.0,0.0
1627303785.3561454,0.0,0.0
1627303785.3848166,0.0,0.0
1627303785.4492176,0.0,0.0
1627303785.4668398,0.0,0.0
1627303785.5174131,0.0,0.0
1627303785.5665278,0.0,0.0
1627303785.616951,0.0,0.0
1627303785.6647463,0.0,0.0
1627303785.716114,0.0,0.0
1627303785.7631,0.0,0.0
1627303785.7788334,0.0,0.0
1627303785.8336213,0.0,0.0
1627303785.8493557,0.0,0.0
1627303785.8998678,0.0,0.0
1627303785.9404242,0.0,0.0
1627303785.9917276,0.0,0.0
1627303786.0347204,0.0,0.0
1627303786.0555592,0.0,0.0
1627303786.1064909,0.0,0.0
1627303786.1279325,0.0,0.0
1627303786.1796377,0.0,0.0
1627303786.2064438,0.0,0.0
1627303786.260393,0.0,0.0
1627303786.3031867,0.0,0.0
1627303786.3240767,0.0,0.0
1627303786.3748248,0.0,0.0
1627303786.3915372,0.0,0.0
1627303786.4383287,0.0,0.0
1627303786.4914112,0.0,0.0
1627303786.5072296,0.0,0.0
1627303786.5597694,0.0,0.0
1627303786.6038923,0.0,0.0
1627303786.6554215,0.0,0.0
1627303786.6812813,0.0,0.0
1627303786.728358,0.0,0.0
1627303786.7791846,0.0,0.0
1627303786.795226,0.0,0.0
1627303786.8430765,0.0,0.0
1627303786.8943107,0.0,0.0
1627303786.9408827,0.0,0.0
1627303786.961133,0.0,0.0
1627303787.0061924,0.0,0.0
1627303787.0546443,0.0,0.0
1627303787.1008976,0.0,0.0
1627303787.120923,0.0,0.0
1627303787.1672208,0.0,0.0
1627303787.2181594,0.0,0.0
1627303787.2329724,0.0,0.0
1627303787.278685,0.0,0.0
1627303787.3291533,0.0,0.0
1627303787.3435128,0.0,0.0
1627303787.3889925,0.0,0.0
1627303787.4404771,0.0,0.0
1627303787.486031,0.0,0.0
1627303787.506412,0.0,0.0
1627303787.5727038,0.0,0.0
1627303787.646509,0.0,0.0
1627303787.6615338,0.0,0.0
1627303787.707421,0.0,0.0
1627303787.7585154,0.0,0.0
1627303787.7730405,0.0,0.0
1627303787.8174617,0.0,0.0
1627303787.8684347,0.0,0.0
1627303787.9142842,0.0,0.0
1627303787.9345005,0.0,0.0
1627303787.979595,0.0,0.0
1627303788.021723,0.0,0.0
1627303788.0676556,0.0,0.0
1627303788.1132739,0.0,0.0
1627303788.133774,0.0,0.0
1627303788.1792889,0.0,0.0
1627303788.2209952,0.0,0.0
1627303788.2685916,0.0,0.0
1627303788.3149529,0.0,0.0
1627303788.335268,0.0,0.0
1627303788.3807871,0.0,0.0
1627303788.417905,0.0,0.0
1627303788.4628203,0.0,0.0
1627303788.5120971,0.0,0.0
1627303788.5609465,0.0,0.0
1627303788.6104474,0.0,0.0
1627303788.6610136,0.0,0.0
1627303788.6855018,0.0,0.0
1627303788.7382884,0.0,0.0
1627303788.7840042,0.0,0.0
1627303788.8299413,0.0,0.0
1627303788.8810322,0.0,0.0
1627303788.8959851,0.0,0.0
1627303788.9466343,0.0,0.0
1627303788.99231,0.0,0.0
1627303789.0073144,0.0,0.0
1627303789.0574183,0.0,0.0
1627303789.07281,0.0,0.0
1627303789.122373,0.0,0.0
1627303789.169171,0.0,0.0
1627303789.183838,0.0,0.0
1627303789.234315,0.0,0.0
1627303789.25559,0.0,0.0
1627303789.3054023,0.0,0.0
1627303789.3511379,0.0,0.0
1627303789.3703988,0.0,0.0
1627303789.4158626,0.0,0.0
1627303789.431223,0.0,0.0
1627303789.4823806,0.0,0.0
1627303789.5285304,0.0,0.0
1627303789.543607,0.0,0.0
1627303789.5970964,0.0,0.0
1627303789.6171467,0.0,0.0
1627303789.668431,0.0,0.0
1627303789.6934013,0.0,0.0
1627303789.7446687,0.0,0.0
1627303789.790702,0.0,0.0
1627303789.8055017,0.0,0.0
1627303789.8553069,0.0,0.0
1627303789.8751972,0.0,0.0
1627303789.9209116,0.0,0.0
1627303789.9721673,0.0,0.0
1627303789.9873312,0.0,0.0
1627303790.0329342,0.0,0.0
1627303790.0840964,0.0,0.0
1627303790.098584,0.0,0.0
1627303790.1439564,0.0,0.0
1627303790.1935441,0.0,0.0
1627303790.2089741,0.0,0.0
1627303790.259732,0.0,0.0
1627303790.300303,0.0,0.0
1627303790.3442297,0.0,0.0
1627303790.3901346,0.0,0.0
1627303790.4357805,0.0,0.0
1627303790.4614272,0.0,0.0
1627303790.507159,0.0,0.0
1627303790.5591414,0.0,0.0
1627303790.5749223,0.0,0.0
1627303790.6226447,0.0,0.0
1627303790.6677446,0.0,0.0
1627303790.711478,0.0,0.0
1627303790.7416084,0.0,0.0
1627303790.7840292,0.0,0.0
1627303790.8324041,0.0,0.0
1627303790.8518593,0.0,0.0
1627303790.8949404,0.0,0.0
1627303790.939093,0.0,0.0
1627303790.9869573,0.0,0.0
1627303791.0067408,0.0,0.0
1627303791.0536966,0.0,0.0
1627303791.0777693,0.0,0.0
1627303791.1261652,0.0,0.0
1627303791.182334,0.0,0.0
1627303791.2314038,0.0,0.0
1627303791.286226,0.0,0.0
1627303791.3077176,0.0,0.0
1627303791.3553464,0.0,0.0
1627303791.3752127,0.0,0.0
1627303791.4192445,0.0,0.0
1627303791.4698775,0.0,0.0
1627303791.4893987,0.0,0.0
1627303791.5339491,0.0,0.0
1627303791.5719132,0.0,0.0
1627303791.6161673,0.0,0.0
1627303791.6447773,0.0,0.0
1627303791.6882524,0.0,0.0
1627303791.7355442,0.0,0.0
1627303791.7555215,0.0,0.0
1627303791.7975364,0.0,0.0
1627303791.8396306,0.0,0.0
1627303791.88342,0.0,0.0
1627303791.9078705,0.0,0.0
1627303791.9509196,0.0,0.0
1627303791.9772477,0.0,0.0
1627303792.0205133,0.0,0.0
1627303792.0684035,0.0,0.0
1627303792.0836656,0.0,0.0
1627303792.1267107,0.0,0.0
1627303792.176006,0.0,0.0
1627303792.1911476,0.0,0.0
1627303792.2354102,0.0,0.0
1627303792.2725942,0.0,0.0
1627303792.3167598,0.0,0.0
1627303792.3641505,0.0,0.0
1627303792.3803372,0.0,0.0
1627303792.4280152,0.0,0.0
1627303792.466673,0.0,0.0
1627303792.5145419,0.0,0.0
1627303792.5584664,0.0,0.0
1627303792.5787332,0.0,0.0
1627303792.6242745,0.0,0.0
1627303792.6440692,0.0,0.0
1627303792.6935656,0.0,0.0
1627303792.7362435,0.0,0.0
1627303792.7520278,0.0,0.0
1627303792.7999947,0.0,0.0
1627303792.8243787,0.0,0.0
1627303792.8713443,0.0,0.0
1627303792.9144883,0.0,0.0
1627303792.9299073,0.0,0.0
1627303792.9787617,0.0,0.0
1627303793.017779,0.0,0.0
1627303793.070125,0.0,0.0
1627303793.095288,0.0,0.0
1627303793.1466153,0.0,0.0
1627303793.1721258,0.0,0.0
1627303793.2228193,0.0,0.0
1627303793.2658842,0.0,0.0
1627303793.316791,0.0,0.0
1627303793.3427472,0.0,0.0
1627303793.4073021,0.0,0.0
1627303793.4905956,0.0,0.0
1627303793.5067728,0.0,0.0
1627303793.5577264,0.0,0.0
1627303793.5733712,0.0,0.0
1627303793.6220188,0.0,0.0
1627303793.6708524,0.0,0.0
1627303793.7225091,0.0,0.0
1627303793.7432826,0.0,0.0
1627303793.7887402,0.0,0.0
1627303793.8274899,0.0,0.0
1627303793.8733582,0.0,0.0
1627303793.923743,0.0,0.0
1627303793.9397674,0.0,0.0
1627303793.9842904,0.0,0.0
1627303794.0354202,0.0,0.0
1627303794.0804882,0.0,0.0
1627303794.1018777,0.0,0.0
1627303794.1471949,0.0,0.0
1627303794.194032,0.0,0.0
1627303794.2405944,0.0,0.0
1627303794.2624362,0.0,0.0
1627303794.3084052,0.0,0.0
1627303794.3602695,0.0,0.0
1627303794.3767273,0.0,0.0
1627303794.4220302,0.0,0.0
1627303794.469822,0.0,0.0
1627303794.5182958,0.0,0.0
1627303794.5343747,0.0,0.0
1627303794.5829008,0.0,0.0
1627303794.6288278,0.0,0.0
1627303794.6782057,0.0,0.0
1627303794.7230778,0.0,0.0
1627303794.771335,0.0,0.0
1627303794.815417,0.0,0.0
1627303794.840049,0.0,0.0
1627303794.8889062,0.0,0.0
1627303794.9257421,0.0,0.0
1627303794.9926772,0.0,0.0
1627303795.0335457,0.0,0.0
1627303795.0777085,0.0,0.0
1627303795.1236205,0.0,0.0
1627303795.1673236,0.0,0.0
1627303795.1918647,0.0,0.0
1627303795.2379732,0.0,0.0
1627303795.2876782,0.0,0.0
1627303795.3028708,0.0,0.0
1627303795.3475347,0.0,0.0
1627303795.3960547,0.0,0.0
1627303795.4108903,0.0,0.0
1627303795.454153,0.0,0.0
1627303795.5035684,0.0,0.0
1627303795.5186133,0.0,0.0
1627303795.5618622,0.0,0.0
1627303795.612615,0.0,0.0
1627303795.6275105,0.0,0.0
1627303795.672986,0.0,0.0
1627303795.718348,0.0,0.0
1627303795.7611961,0.0,0.0
1627303795.789895,0.0,0.0
1627303795.8347194,0.0,0.0
1627303795.8837683,0.0,0.0
1627303795.8985095,0.0,0.0
1627303795.9421802,0.0,0.0
1627303795.9908514,0.0,0.0
1627303796.006187,0.0,0.0
1627303796.0515108,0.0,0.0
1627303796.0953875,0.0,0.0
1627303796.139518,0.0,0.0
1627303796.1657236,0.0,0.0
1627303796.2127464,0.0,0.0
1627303796.2643778,0.0,0.0
1627303796.2805438,0.0,0.0
1627303796.3259315,0.0,0.0
1627303796.3786716,0.0,0.0
1627303796.3967698,0.0,0.0
1627303796.4765682,0.0,0.0
1627303796.52933,0.0,0.0
1627303796.5802748,0.0,0.0
1627303796.5957081,0.0,0.0
1627303796.648101,0.0,0.0
1627303796.6871347,0.0,0.0
1627303796.738045,0.0,0.0
1627303796.7840931,0.0,0.0
1627303796.8349316,0.0,0.0
1627303796.8824246,0.0,0.0
1627303796.933452,0.0,0.0
1627303796.9803388,0.0,0.0
1627303797.0308611,0.0,0.0
1627303797.0810466,0.0,0.0
1627303797.1044748,0.0,0.0
1627303797.156198,0.0,0.0
1627303797.1737225,0.0,0.0
1627303797.234497,0.0,0.0
1627303797.3105419,0.0,0.0
1627303797.3599198,0.0,0.0
1627303797.3755023,0.0,0.0
1627303797.4255762,0.0,0.0
1627303797.4503205,0.0,0.0
1627303797.4989147,0.0,0.0
1627303797.543778,0.0,0.0
1627303797.5688214,0.0,0.0
1627303797.6127794,0.0,0.0
1627303797.633404,0.0,0.0
1627303797.6798959,0.0,0.0
1627303797.7287292,0.0,0.0
1627303797.743614,0.0,0.0
1627303797.7873416,0.0,0.0
1627303797.8368473,0.0,0.0
1627303797.880668,0.0,0.0
1627303797.9052134,0.0,0.0
1627303797.9541414,0.0,0.0
1627303797.9744108,0.0,0.0
1627303798.0230913,0.0,0.0
1627303798.0676515,0.0,0.0
1627303798.0924904,0.0,0.0
1627303798.1361291,0.0,0.0
1627303798.1554937,0.0,0.0
1627303798.199507,0.0,0.0
1627303798.2459056,0.0,0.0
1627303798.2954876,0.0,0.0
1627303798.3202877,0.0,0.0
1627303798.3684943,0.0,0.0
1627303798.412076,0.0,0.0
1627303798.4608207,0.0,0.0
1627303798.5046763,0.0,0.0
1627303798.530242,0.0,0.0
1627303798.573852,0.0,0.0
1627303798.5937319,0.0,0.0
1627303798.6417148,0.0,0.0
1627303798.6683102,0.0,0.0
1627303798.7184386,0.0,0.0
1627303798.7625723,0.0,0.0
1627303798.8103864,0.0,0.0
1627303798.8568594,0.0,0.0
1627303798.8779185,0.0,0.0
1627303798.9260383,0.0,0.0
1627303798.9504535,0.0,0.0
1627303798.9944928,0.0,0.0
1627303799.0429769,0.0,0.0
1627303799.0631523,0.0,0.0
1627303799.1080022,0.0,0.0
1627303799.1327646,0.0,0.0
1627303799.1767468,0.0,0.0
1627303799.2245698,0.0,0.0
1627303799.2396517,0.0,0.0
1627303799.2838311,0.0,0.0
1627303799.3327086,0.0,0.0
1627303799.3520625,0.0,0.0
1627303799.3953822,0.0,0.0
1627303799.44468,0.0,0.0
1627303799.4939673,0.0,0.0
1627303799.5087569,0.0,0.0
1627303799.5524924,0.0,0.0
1627303799.58772,0.0,0.0
1627303799.6316354,0.0,0.0
1627303799.6833127,0.0,0.0
1627303799.6983788,0.0,0.0
1627303799.741832,0.0,0.0
1627303799.786709,0.0,0.0
1627303799.8067572,0.0,0.0
1627303799.8503604,0.0,0.0
1627303799.8991227,0.0,0.0
1627303799.913896,0.0,0.0
1627303799.9582322,0.0,0.0
1627303800.0068312,0.0,0.0
1627303800.022003,0.0,0.0
1627303800.0705848,0.0,0.0
1627303800.0956407,0.0,0.0
1627303800.1439147,0.0,0.0
1627303800.1887107,0.0,0.0
1627303800.2032404,0.0,0.0
1627303800.252098,0.0,0.0
1627303800.2715535,0.0,0.0
1627303800.3209684,0.0,0.0
1627303800.364539,0.0,0.0
1627303800.3844914,0.0,0.0
1627303800.4338193,0.0,0.0
1627303800.4490378,0.0,0.0
1627303800.499283,0.0,0.0
1627303800.5445154,0.0,0.0
1627303800.56947,0.0,0.0
1627303800.613616,0.0,0.0
1627303800.6282275,0.0,0.0
1627303800.678678,0.0,0.0
1627303800.7251024,0.0,0.0
1627303800.772766,0.0,0.0
1627303800.7926512,0.0,0.0
1627303800.8419044,0.0,0.0
1627303800.8891609,0.0,0.0
1627303800.9122603,0.0,0.0
1627303800.962623,0.0,0.0
1627303800.9772992,0.0,0.0
1627303801.02601,0.0,0.0
1627303801.062648,0.0,0.0
1627303801.111663,0.0,0.0
1627303801.1562593,0.0,0.0
1627303801.1709454,0.0,0.0
1627303801.2193677,0.0,0.0
1627303801.256037,0.0,0.0
1627303801.3053322,0.0,0.0
1627303801.3504777,0.0,0.0
1627303801.3768342,0.0,0.0
1627303801.4268072,0.0,0.0
1627303801.4422033,0.0,0.0
1627303801.486401,0.0,0.0
1627303801.5361066,0.0,0.0
1627303801.5873852,0.0,0.0
1627303801.6031632,0.0,0.0
1627303801.6535218,0.0,0.0
1627303801.694085,0.0,0.0
1627303801.7445924,0.0,0.0
1627303801.7892992,0.0,0.0
1627303801.8413875,0.0,0.0
1627303801.8867633,0.0,0.0
1627303801.9351192,0.0,0.0
1627303801.9655018,0.0,0.0
1627303802.0132186,0.0,0.0
1627303802.045819,0.0,0.0
1627303802.0958002,0.0,0.0
1627303802.1203709,0.0,0.0
1627303802.1693418,0.0,0.0
1627303802.2143621,0.0,0.0
1627303802.231063,0.0,0.0
1627303802.2820435,0.0,0.0
1627303802.3037455,0.0,0.0
1627303802.354386,0.0,0.0
1627303802.4006732,0.0,0.0
1627303802.4270444,0.0,0.0
1627303802.4756842,0.0,0.0
1627303802.4981873,0.0,0.0
1627303802.543041,0.0,0.0
1627303802.5855954,0.0,0.0
1627303802.637455,0.0,0.0
1627303802.6536283,0.0,0.0
1627303802.707722,0.0,0.0
1627303802.7501771,0.0,0.0
1627303802.7952294,0.0,0.0
1627303802.8471239,0.0,0.0
1627303802.86775,0.0,0.0
1627303802.9143429,0.0,0.0
1627303802.9339695,0.0,0.0
1627303802.9835718,0.0,0.0
1627303803.0304465,0.0,0.0
1627303803.0557303,0.0,0.0
1627303803.1022666,0.0,0.0
1627303803.1225863,0.0,0.0
1627303803.16779,0.0,0.0
1627303803.1950958,0.0,0.0
1627303803.2417152,0.0,0.0
1627303803.2945056,0.0,0.0
1627303803.3101914,0.0,0.0
1627303803.355924,0.0,0.0
1627303803.4025295,0.0,0.0
1627303803.4481552,0.0,0.0
1627303803.4803684,0.0,0.0
1627303803.5272367,0.0,0.0
1627303803.5754817,0.0,0.0
1627303803.6267278,0.0,0.0
1627303803.6476202,0.0,0.0
1627303803.701966,0.0,0.0
1627303803.7281768,0.0,0.0
1627303803.7788992,0.0,0.0
1627303803.8253665,0.0,0.0
1627303803.8781154,0.0,0.0
1627303803.9250216,0.0,0.0
1627303803.940286,0.0,0.0
1627303803.9906335,0.0,0.0
1627303804.0284839,0.0,0.0
1627303804.0794516,0.0,0.0
1627303804.1217859,0.0,0.0
1627303804.1718633,0.0,0.0
1627303804.2049127,0.0,0.0
1627303804.2563024,0.0,0.0
1627303804.288368,0.0,0.0
1627303804.343602,0.0,0.0
1627303804.370077,0.0,0.0
1627303804.4234965,0.0,0.0
1627303804.4712198,0.0,0.0
1627303804.4870613,0.0,0.0
1627303804.5380194,0.0,0.0
1627303804.5584505,0.0,0.0
1627303804.6082315,0.0,0.0
1627303804.637881,0.0,0.0
1627303804.6909251,0.0,0.0
1627303804.7143269,0.0,0.0
1627303804.7658646,0.0,0.0
1627303804.7915733,0.0,0.0
1627303804.843986,0.0,0.0
1627303804.8906567,0.0,0.0
1627303804.9126885,0.0,0.0
1627303804.9648612,0.0,0.0
1627303804.9798965,0.0,0.0
1627303805.0292633,0.0,0.0
1627303805.072552,0.0,0.0
1627303805.1241424,0.0,0.0
1627303805.1540117,0.0,0.0
1627303805.2051105,0.0,0.0
1627303805.232316,0.0,0.0
1627303805.2845,0.0,0.0
1627303805.3323483,0.0,0.0
1627303805.3819106,0.0,0.0
1627303805.426622,0.0,0.0
1627303805.4748514,0.0,0.0
1627303805.51937,0.0,0.0
1627303805.547105,0.0,0.0
1627303805.5985825,0.0,0.0
1627303805.6151807,0.0,0.0
1627303805.6672559,0.0,0.0
1627303805.714957,0.0,0.0
1627303805.7666712,0.0,0.0
1627303805.7876875,0.0,0.0
1627303805.836781,0.0,0.0
1627303805.8820593,0.0,0.0
1627303805.9072373,0.0,0.0
1627303805.9577937,0.0,0.0
1627303805.9742727,0.0,0.0
1627303806.0265799,0.0,0.0
1627303806.0701945,0.0,0.0
1627303806.1230767,0.0,0.0
1627303806.166494,0.0,0.0
1627303806.2188103,0.0,0.0
1627303806.2391856,0.0,0.0
1627303806.2906635,0.0,0.0
1627303806.3372514,0.0,0.0
1627303806.3529685,0.0,0.0
1627303806.4058008,0.0,0.0
1627303806.4272966,0.0,0.0
1627303806.4831283,0.0,0.0
1627303806.510348,0.0,0.0
1627303806.559438,0.0,0.0
1627303806.6047485,0.0,0.0
1627303806.6558967,0.0,0.0
1627303806.7082632,0.0,0.0
1627303806.7231164,0.0,0.0
1627303806.7714999,0.0,0.0
1627303806.7863822,0.0,0.0
1627303806.8314576,0.0,0.0
1627303806.875292,0.0,0.0
1627303806.9240258,0.0,0.0
1627303806.948967,0.0,0.0
1627303806.9980438,0.0,0.0
1627303807.0232632,0.0,0.0
1627303807.0713458,0.0,0.0
1627303807.097065,0.0,0.0
1627303807.1472328,0.0,0.0
1627303807.18877,0.0,0.0
1627303807.2388012,0.0,0.0
1627303807.2827446,0.0,0.0
1627303807.3316872,0.0,0.0
1627303807.374829,0.0,0.0
1627303807.395288,0.0,0.0
1627303807.444258,0.0,0.0
1627303807.4644992,0.0,0.0
1627303807.5144777,0.0,0.0
1627303807.5585904,0.0,0.0
1627303807.573944,0.0,0.0
1627303807.6240377,0.0,0.0
1627303807.649607,0.0,0.0
1627303807.700834,0.0,0.0
1627303807.7470295,0.0,0.0
1627303807.7622302,0.0,0.0
1627303807.8128042,0.0,0.0
1627303807.8277218,0.0,0.0
1627303807.8764813,0.0,0.0
1627303807.922166,0.0,0.0
1627303807.942561,0.0,0.0
1627303807.9821136,0.0,0.0
1627303808.0065162,0.0,0.0
1627303808.0551527,0.0,0.0
1627303808.0997963,0.0,0.0
1627303808.1479855,0.0,0.0
1627303808.1926532,0.0,0.0
1627303808.2177598,0.0,0.0
1627303808.266885,0.0,0.0
1627303808.2816508,0.0,0.0
1627303808.3321192,0.0,0.0
1627303808.378151,0.0,0.0
1627303808.4266965,0.0,0.0
1627303808.4465108,0.0,0.0
1627303808.495253,0.0,0.0
1627303808.5198584,0.0,0.0
1627303808.5687609,0.0,0.0
1627303808.6125526,0.0,0.0
1627303808.6370652,0.0,0.0
1627303808.6836412,0.0,0.0
1627303808.7027051,0.0,0.0
1627303808.7527142,0.0,0.0
1627303808.776754,0.0,0.0
1627303808.8249714,0.0,0.0
1627303808.8698199,0.0,0.0
1627303808.8965766,0.0,0.0
1627303808.941863,0.0,0.0
1627303808.9606388,0.0,0.0
1627303809.0096824,0.0,0.0
1627303809.0534742,0.0,0.0
1627303809.0784905,0.0,0.0
1627303809.1228116,0.0,0.0
1627303809.1375897,0.0,0.0
1627303809.1856823,0.0,0.0
1627303809.2298565,0.0,0.0
1627303809.2550492,0.0,0.0
1627303809.3036387,0.0,0.0
1627303809.3188999,0.0,0.0
1627303809.3675568,0.0,0.0
1627303809.4125984,0.0,0.0
1627303809.4328966,0.0,0.0
1627303809.4816043,0.0,0.0
1627303809.4965146,0.0,0.0
1627303809.5453248,0.0,0.0
1627303809.589493,0.0,0.0
1627303809.6093724,0.0,0.0
1627303809.6585157,0.0,0.0
1627303809.6832972,0.0,0.0
1627303809.7343888,0.0,0.0
1627303809.7797515,0.0,0.0
1627303809.803468,0.0,0.0
1627303809.848268,0.0,0.0
1627303809.8629937,0.0,0.0
1627303809.9130046,0.0,0.0
1627303809.952555,0.0,0.0
1627303810.00145,0.0,0.0
1627303810.045377,0.0,0.0
1627303810.0956626,0.0,0.0
1627303810.139165,0.0,0.0
1627303810.159066,0.0,0.0
1627303810.207722,0.0,0.0
1627303810.232223,0.0,0.0
1627303810.2815661,0.0,0.0
1627303810.3265526,0.0,0.0
1627303810.354981,0.0,0.0
1627303810.3941207,0.0,0.0
1627303810.4145024,0.0,0.0
1627303810.4650934,0.0,0.0
1627303810.4939895,0.0,0.0
1627303810.5441716,0.0,0.0
1627303810.584666,0.0,0.0
1627303810.6330538,0.0,0.0
1627303810.6715908,0.0,0.0
1627303810.7222114,0.0,0.0
1627303810.746548,0.0,0.0
1627303810.7958937,0.0,0.0
1627303810.845108,0.0,0.0
1627303810.8944266,0.0,0.0
1627303810.9397056,0.0,0.0
1627303810.9887333,0.0,0.0
1627303811.0402389,0.0,0.0
1627303811.0897207,0.0,0.0
1627303811.1155598,0.0,0.0
1627303811.1648061,0.0,0.0
1627303811.2147517,0.0,0.0
1627303811.2633047,0.0,0.0
1627303811.3081853,0.0,0.0
1627303811.3285756,0.0,0.0
1627303811.3779573,0.0,0.0
1627303811.400578,0.0,0.0
1627303811.4492981,0.0,0.0
1627303811.4743404,0.0,0.0
1627303811.5232782,0.0,0.0
1627303811.5709121,0.0,0.0
1627303811.5922933,0.0,0.0
1627303811.6381173,0.0,0.0
1627303811.6537352,0.0,0.0
1627303811.706154,0.0,0.0
1627303811.750314,0.0,0.0
1627303811.7667613,0.0,0.0
1627303811.8172033,0.0,0.0
1627303811.8416378,0.0,0.0
1627303811.8934548,0.0,0.0
1627303811.9415033,0.0,0.0
1627303811.991373,0.0,0.0
1627303812.0354798,0.0,0.0
1627303812.0864382,0.0,0.0
1627303812.1338935,0.0,0.0
1627303812.1545138,0.0,0.0
1627303812.2055554,0.0,0.0
1627303812.221751,0.0,0.0
