time,v,omega
1629116705.078537,0.0,0.0
1629116705.0886116,0.0,0.0
1629116705.0988224,0.0,0.0
1629116705.1089032,0.0,0.0
1629116705.119204,0.0,0.0
1629116705.12954,0.0,0.0
1629116705.1399426,0.0,0.0
1629116705.1503048,0.0,0.0
1629116705.1602833,0.0,0.0
1629116705.1704862,0.0,0.0
1629116705.1806686,0.0,0.0
1629116705.1908753,0.0,0.0
1629116705.201064,0.0,0.0
1629116705.2112987,0.0,0.0
1629116705.2215075,0.0,0.0
1629116705.231676,0.0,0.0
1629116705.2421205,0.0,0.0
1629116705.252292,0.0,0.0
1629116705.2626038,0.0,0.0
1629116705.2728307,0.0,0.0
1629116705.283191,0.0,0.0
1629116705.2933664,0.0,0.0
1629116705.3036568,0.0,0.0
1629116705.313886,0.0,0.0
1629116705.3242137,0.0,0.0
1629116705.334491,0.0,0.0
1629116705.3447676,0.0,0.0
1629116705.3550756,0.0,0.0
1629116705.3652756,0.0,0.0
1629116705.3755987,0.0,0.0
1629116705.385875,0.0,0.0
1629116705.3961976,0.0,0.0
1629116705.40656,0.0,0.0
1629116705.4167235,0.0,0.0
1629116705.4270802,0.0,0.0
1629116705.4374323,0.0,0.0
1629116705.4475892,0.0,0.0
1629116705.4579287,0.0,0.0
1629116705.4682071,0.0,0.0
1629116705.478678,0.0,0.0
1629116705.4889154,0.0,0.0
1629116705.4991767,0.0,0.0
1629116705.5093665,0.0,0.0
1629116705.5195732,0.0,0.0
1629116705.529868,0.0,0.0
1629116705.5400863,0.0,0.0
1629116705.5503561,0.0,0.0
1629116705.5606563,0.0,0.0
1629116705.570833,0.0,0.0
1629116705.581228,0.0,0.0
1629116705.591468,0.0,0.0
1629116705.6035352,0.0,0.0
1629116705.6138704,0.0,0.0
1629116705.6242409,0.0,0.0
1629116705.6345065,0.0,0.0
1629116705.6447773,0.0,0.0
1629116705.6549156,0.0,0.0
1629116705.6651824,0.0,0.0
1629116705.6755283,0.0,0.0
1629116705.6857743,0.0,0.0
1629116705.695972,0.0,0.0
1629116705.7061813,0.0,0.0
1629116705.7164977,0.0,0.0
1629116705.7267907,0.0,0.0
1629116705.7370899,0.0,0.0
1629116705.747385,0.0,0.0
1629116705.757664,0.0,0.0
1629116705.7678597,0.0,0.0
1629116705.778103,0.0,0.0
1629116705.7883587,0.0,0.0
1629116705.7985575,0.0,0.0
1629116705.8087826,0.0,0.0
1629116705.8195968,0.0,0.0
1629116705.8299682,0.0,0.0
1629116705.840279,0.0,0.0
1629116705.850592,0.0,0.0
1629116705.8608875,0.0,0.0
1629116705.8711846,0.0,0.0
1629116705.881502,0.0,0.0
1629116705.8919437,0.0,0.0
1629116705.9022076,0.0,0.0
1629116705.9125545,0.0,0.0
1629116705.922834,0.0,0.0
1629116705.9331963,0.0,0.0
1629116705.9433146,0.0,0.0
1629116705.9535728,0.0,0.0
1629116705.9637473,0.0,0.0
1629116705.9740424,0.0,0.0
1629116705.9841287,0.0,0.0
1629116705.9945116,0.0,0.0
1629116706.0046868,0.0,0.0
1629116706.0149004,0.0,0.0
1629116706.0252392,0.0,0.0
1629116706.0353994,0.0,0.0
1629116706.0455964,0.0,0.0
1629116706.0558355,0.0,0.0
1629116706.0660214,0.0,0.0
1629116706.0762951,0.0,0.0
1629116706.0866263,0.0,0.0
1629116706.0968053,0.0,0.0
1629116706.106998,0.0,0.0
1629116706.117283,0.0,0.0
1629116706.1274667,0.0,0.0
1629116706.1377306,0.0,0.0
1629116706.1480427,0.0,0.0
1629116706.1583214,0.0,0.0
1629116706.1686225,0.0,0.0
1629116706.178713,0.0,0.0
1629116706.189021,0.0,0.0
1629116706.1991956,0.0,0.0
1629116706.2094467,0.0,0.0
1629116706.2197556,0.0,0.0
1629116706.22995,0.0,0.0
1629116706.240193,0.0,0.0
1629116706.2504828,0.0,0.0
1629116706.2606072,0.0,0.0
1629116706.2708158,0.0,0.0
1629116706.2811232,0.0,0.0
1629116706.291375,0.0,0.0
1629116706.3016381,0.0,0.0
1629116706.3119006,0.0033302879486698123,0.5211117577847975
1629116706.3221838,0.0033302879486698123,0.5211117577847975
1629116706.3323991,0.0033302879486698123,0.5211117577847975
1629116706.342836,0.0033302879486698123,0.5211117577847975
1629116706.353091,0.0033302879486698123,0.5211117577847975
1629116706.3632758,0.0033302879486698123,0.5211117577847975
1629116706.3735273,0.0033302879486698123,0.5211117577847975
1629116706.3837712,0.0033302879486698123,0.5211117577847975
1629116706.39395,0.0033302879486698123,0.5211117577847975
1629116706.4042168,0.0033302879486698123,0.5211117577847975
1629116706.4145658,0.0033302879486698123,0.5211117577847975
1629116706.4246986,0.0033302879486698123,0.5211117577847975
1629116706.4348814,0.0033302879486698123,0.5211117577847975
1629116706.4451761,0.0033302879486698123,0.5211117577847975
1629116706.45534,0.0033302879486698123,0.5211117577847975
1629116706.4655902,0.0033302879486698123,0.5211117577847975
1629116706.475844,0.0033302879486698123,0.5211117577847975
1629116706.4861197,0.0033302879486698123,0.5211117577847975
1629116706.4962294,0.0033302879486698123,0.5211117577847975
1629116706.5064962,0.0033302879486698123,0.5211117577847975
1629116706.5167313,0.0033302879486698123,0.5211117577847975
1629116706.526993,0.0033302879486698123,0.5211117577847975
1629116706.537244,0.0033302879486698123,0.5211117577847975
1629116706.5474591,0.0033302879486698123,0.5211117577847975
1629116706.557685,0.0033302879486698123,0.5211117577847975
1629116706.5680344,0.0033302879486698123,0.5211117577847975
1629116706.578254,0.013972041586822298,0.13320673105226497
1629116706.5885649,0.013972041586822298,0.13320673105226497
1629116706.5988126,0.013972041586822298,0.13320673105226497
1629116706.6090586,0.013972041586822298,0.13320673105226497
1629116706.6193457,0.013972041586822298,0.13320673105226497
1629116706.629565,0.013972041586822298,0.13320673105226497
1629116706.6397805,0.013972041586822298,0.13320673105226497
1629116706.6500201,0.013972041586822298,0.13320673105226497
1629116706.6603427,0.013972041586822298,0.13320673105226497
1629116706.6704876,0.013972041586822298,0.13320673105226497
1629116706.6807344,0.013972041586822298,0.13320673105226497
1629116706.6910412,0.013972041586822298,0.13320673105226497
1629116706.7011364,0.013972041586822298,0.13320673105226497
1629116706.7113698,0.013972041586822298,0.13320673105226497
1629116706.7215576,0.013972041586822298,0.13320673105226497
1629116706.731714,0.013972041586822298,0.13320673105226497
1629116706.741904,0.013972041586822298,0.13320673105226497
1629116706.752335,0.013972041586822298,0.13320673105226497
1629116706.7625911,0.013972041586822298,0.13320673105226497
1629116706.7727911,0.013972041586822298,0.13320673105226497
1629116706.7828963,0.013972041586822298,0.13320673105226497
1629116706.793186,0.013972041586822298,0.13320673105226497
1629116706.8033853,0.013972041586822298,0.13320673105226497
1629116706.8135424,0.013972041586822298,0.13320673105226497
1629116706.8238685,0.013972041586822298,0.13320673105226497
1629116706.833976,0.013972041586822298,0.13320673105226497
1629116706.8441925,0.013972041586822298,0.13320673105226497
1629116706.8545148,0.013972041586822298,0.13320673105226497
1629116706.864722,0.013972041586822298,0.13320673105226497
1629116706.8749335,0.013972041586822298,0.13320673105226497
1629116706.885191,0.013972041586822298,0.13320673105226497
1629116706.8954177,0.013972041586822298,0.13320673105226497
1629116706.9057639,0.013972041586822298,0.13320673105226497
1629116706.9161315,0.013972041586822298,0.13320673105226497
1629116706.9264278,0.013972041586822298,0.13320673105226497
1629116706.9367876,0.013972041586822298,0.13320673105226497
1629116706.9470906,0.013972041586822298,0.13320673105226497
1629116706.9574366,0.013972041586822298,0.13320673105226497
1629116706.967801,0.013972041586822298,0.13320673105226497
1629116706.977908,0.013972041586822298,0.13320673105226497
1629116706.9882703,0.013972041586822298,0.13320673105226497
1629116706.9983897,0.013972041586822298,0.13320673105226497
1629116707.0086584,0.013972041586822298,0.13320673105226497
1629116707.0189667,0.013972041586822298,0.13320673105226497
1629116707.0292735,0.013972041586822298,0.13320673105226497
1629116707.039474,0.013972041586822298,0.13320673105226497
1629116707.049839,0.013972041586822298,0.13320673105226497
1629116707.0600529,0.013972041586822298,0.13320673105226497
1629116707.070198,0.013972041586822298,0.13320673105226497
1629116707.0804958,0.013972041586822298,0.13320673105226497
1629116707.0907483,0.013972041586822298,0.13320673105226497
1629116707.1010377,0.013972041586822298,0.13320673105226497
1629116707.111487,0.013972041586822298,0.13320673105226497
1629116707.121603,0.013972041586822298,0.13320673105226497
1629116707.1318462,0.013972041586822298,0.13320673105226497
1629116707.1421123,0.013972041586822298,0.13320673105226497
1629116707.1523323,0.013972041586822298,0.13320673105226497
1629116707.1626391,0.013972041586822298,0.13320673105226497
1629116707.1728494,0.013972041586822298,0.13320673105226497
1629116707.183189,0.013972041586822298,0.13320673105226497
1629116707.1934257,0.013972041586822298,0.13320673105226497
1629116707.2036567,0.013972041586822298,0.13320673105226497
1629116707.2140164,0.013972041586822298,0.13320673105226497
1629116707.2240849,0.013972041586822298,0.13320673105226497
1629116707.2342808,0.013972041586822298,0.13320673105226497
1629116707.244693,0.013972041586822298,0.13320673105226497
1629116707.2548923,0.013972041586822298,0.13320673105226497
1629116707.2651963,0.013972041586822298,0.13320673105226497
1629116707.275497,0.013972041586822298,0.13320673105226497
1629116707.2856727,0.013972041586822298,0.13320673105226497
1629116707.295927,0.013972041586822298,0.13320673105226497
1629116707.306208,0.013972041586822298,0.13320673105226497
1629116707.3164625,0.013972041586822298,0.13320673105226497
1629116707.3266761,0.013972041586822298,0.13320673105226497
1629116707.3370054,0.013972041586822298,0.13320673105226497
1629116707.347203,0.013972041586822298,0.13320673105226497
1629116707.3574882,0.013972041586822298,0.13320673105226497
1629116707.3688676,0.013972041586822298,0.13320673105226497
1629116707.3779342,0.013972041586822298,0.13320673105226497
1629116707.3881168,0.013972041586822298,0.13320673105226497
1629116707.3982894,0.013972041586822298,0.13320673105226497
1629116707.4086297,0.013972041586822298,0.13320673105226497
1629116707.4188848,0.013972041586822298,0.13320673105226497
1629116707.4292467,0.013972041586822298,0.13320673105226497
1629116707.4395437,0.013972041586822298,0.13320673105226497
1629116707.4496338,0.013972041586822298,0.13320673105226497
1629116707.459859,0.013972041586822298,0.13320673105226497
1629116707.4701195,0.013972041586822298,0.13320673105226497
1629116707.48047,0.013972041586822298,0.13320673105226497
1629116707.4905736,0.013972041586822298,0.13320673105226497
1629116707.5007868,0.013972041586822298,0.13320673105226497
1629116707.5109835,0.013972041586822298,0.13320673105226497
1629116707.5211139,0.013972041586822298,0.13320673105226497
1629116707.531435,0.013972041586822298,0.13320673105226497
1629116707.5416682,0.013972041586822298,0.13320673105226497
1629116707.5519462,0.013972041586822298,0.13320673105226497
1629116707.5623732,0.013972041586822298,0.13320673105226497
1629116707.5725045,0.013972041586822298,0.13320673105226497
1629116707.5827258,0.013972041586822298,0.13320673105226497
1629116707.5930614,0.013972041586822298,0.13320673105226497
1629116707.6032462,0.013972041586822298,0.13320673105226497
1629116707.6134992,0.013972041586822298,0.13320673105226497
1629116707.6237078,0.013972041586822298,0.13320673105226497
1629116707.633884,0.013972041586822298,0.13320673105226497
1629116707.6441445,0.013972041586822298,0.13320673105226497
1629116707.654379,0.013972041586822298,0.13320673105226497
1629116707.664768,0.013972041586822298,0.13320673105226497
1629116707.6749804,0.013972041586822298,0.13320673105226497
1629116707.6851335,0.013972041586822298,0.13320673105226497
1629116707.6953235,0.013972041586822298,0.13320673105226497
1629116707.7055323,0.013972041586822298,0.13320673105226497
1629116707.7157345,0.013972041586822298,0.13320673105226497
1629116707.726044,0.013972041586822298,0.13320673105226497
1629116707.7362196,0.013972041586822298,0.13320673105226497
1629116707.7463796,0.013972041586822298,0.13320673105226497
1629116707.7566416,0.013972041586822298,0.13320673105226497
1629116707.7669315,0.013972041586822298,0.13320673105226497
1629116707.7770422,0.013972041586822298,0.13320673105226497
1629116707.7873194,0.013972041586822298,0.13320673105226497
1629116707.79743,0.013972041586822298,0.13320673105226497
1629116707.8076932,0.013972041586822298,0.13320673105226497
1629116707.8180993,0.013972041586822298,0.13320673105226497
1629116707.8284748,0.013972041586822298,0.13320673105226497
1629116707.8386796,0.013972041586822298,0.13320673105226497
1629116707.848945,0.013972041586822298,0.13320673105226497
1629116707.8592048,0.013972041586822298,0.13320673105226497
1629116707.8694632,0.013972041586822298,0.13320673105226497
1629116707.8796656,0.013972041586822298,0.13320673105226497
1629116707.8898182,0.013972041586822298,0.13320673105226497
1629116707.9000547,0.013972041586822298,0.13320673105226497
1629116707.9103334,0.013972041586822298,0.13320673105226497
1629116707.9206047,0.013972041586822298,0.13320673105226497
1629116707.9307208,0.013972041586822298,0.13320673105226497
1629116707.940932,0.013972041586822298,0.13320673105226497
1629116707.9512243,0.013972041586822298,0.13320673105226497
1629116707.9614406,0.013972041586822298,0.13320673105226497
1629116707.9716635,0.013972041586822298,0.13320673105226497
1629116707.981882,0.013972041586822298,0.13320673105226497
1629116707.9920723,0.013972041586822298,0.13320673105226497
1629116708.0023227,0.013972041586822298,0.13320673105226497
1629116708.0127065,0.013972041586822298,0.13320673105226497
1629116708.0229635,0.013972041586822298,0.13320673105226497
1629116708.0331755,0.013972041586822298,0.13320673105226497
1629116708.0433702,0.013972041586822298,0.13320673105226497
1629116708.0535762,0.013972041586822298,0.13320673105226497
1629116708.0638134,0.013972041586822298,0.13320673105226497
1629116708.0741518,0.013972041586822298,0.13320673105226497
1629116708.0843,0.013972041586822298,0.13320673105226497
1629116708.0945241,0.013972041586822298,0.13320673105226497
1629116708.104797,0.013972041586822298,0.13320673105226497
1629116708.114987,0.013972041586822298,0.13320673105226497
1629116708.125279,0.013972041586822298,0.13320673105226497
1629116708.1355393,0.013972041586822298,0.13320673105226497
1629116708.1459415,0.013972041586822298,0.13320673105226497
1629116708.1560855,0.013972041586822298,0.13320673105226497
1629116708.1681514,0.013972041586822298,0.13320673105226497
1629116708.1765964,0.013972041586822298,0.13320673105226497
1629116708.1868253,0.013972041586822298,0.13320673105226497
1629116708.1970093,0.013972041586822298,0.13320673105226497
1629116708.2074413,0.013972041586822298,0.13320673105226497
1629116708.2176504,0.013972041586822298,0.13320673105226497
1629116708.2279267,0.013972041586822298,0.13320673105226497
1629116708.238242,0.013972041586822298,0.13320673105226497
1629116708.2485125,0.013972041586822298,0.13320673105226497
1629116708.258628,0.013972041586822298,0.13320673105226497
1629116708.2688434,0.013972041586822298,0.13320673105226497
1629116708.2790802,0.013972041586822298,0.13320673105226497
1629116708.2892175,0.013972041586822298,0.13320673105226497
1629116708.2995203,0.013972041586822298,0.13320673105226497
1629116708.3098056,0.013972041586822298,0.13320673105226497
1629116708.3200092,0.013972041586822298,0.13320673105226497
1629116708.3303049,0.013972041586822298,0.13320673105226497
1629116708.3405235,0.013972041586822298,0.13320673105226497
1629116708.3506818,0.013972041586822298,0.13320673105226497
1629116708.3610168,0.013972041586822298,0.13320673105226497
1629116708.3712933,0.013972041586822298,0.13320673105226497
1629116708.3815703,0.013972041586822298,0.13320673105226497
1629116708.3917816,0.013972041586822298,0.13320673105226497
1629116708.4022107,0.013972041586822298,0.13320673105226497
1629116708.4124405,0.013972041586822298,0.13320673105226497
1629116708.4226487,0.013972041586822298,0.13320673105226497
1629116708.4329352,0.013972041586822298,0.13320673105226497
1629116708.4431727,0.013972041586822298,0.13320673105226497
1629116708.4533446,0.013972041586822298,0.13320673105226497
1629116708.463749,0.013972041586822298,0.13320673105226497
1629116708.4738643,0.013972041586822298,0.13320673105226497
1629116708.484102,0.013972041586822298,0.13320673105226497
1629116708.4944322,0.013972041586822298,0.13320673105226497
1629116708.5046053,0.013972041586822298,0.13320673105226497
1629116708.5148318,0.013972041586822298,0.13320673105226497
1629116708.5250103,0.013972041586822298,0.13320673105226497
1629116708.5352454,0.013972041586822298,0.13320673105226497
1629116708.5453525,0.013972041586822298,0.13320673105226497
1629116708.5556614,0.013972041586822298,0.13320673105226497
1629116708.5658958,0.013972041586822298,0.13320673105226497
1629116708.5760353,0.013972041586822298,0.13320673105226497
1629116708.5864344,0.013972041586822298,0.13320673105226497
1629116708.596672,0.013972041586822298,0.13320673105226497
1629116708.6067963,0.013972041586822298,0.13320673105226497
1629116708.6171165,0.013972041586822298,0.13320673105226497
1629116708.62727,0.013972041586822298,0.13320673105226497
1629116708.6375244,0.013972041586822298,0.13320673105226497
1629116708.647992,0.013972041586822298,0.13320673105226497
1629116708.6579823,0.013972041586822298,0.13320673105226497
1629116708.6681159,0.013972041586822298,0.13320673105226497
1629116708.6783867,0.013972041586822298,0.13320673105226497
1629116708.6886044,0.013972041586822298,0.13320673105226497
1629116708.6987054,0.013972041586822298,0.13320673105226497
1629116708.7089539,0.013972041586822298,0.13320673105226497
1629116708.7193382,0.013972041586822298,0.13320673105226497
1629116708.7294245,0.013972041586822298,0.13320673105226497
1629116708.7397752,0.013972041586822298,0.13320673105226497
1629116708.7501104,0.013972041586822298,0.13320673105226497
1629116708.7602165,0.013972041586822298,0.13320673105226497
1629116708.7704005,0.013972041586822298,0.13320673105226497
1629116708.7807221,0.013972041586822298,0.13320673105226497
1629116708.7910762,0.013972041586822298,0.13320673105226497
1629116708.8010674,0.013972041586822298,0.13320673105226497
1629116708.8112962,0.013972041586822298,0.13320673105226497
1629116708.8216019,0.013972041586822298,0.13320673105226497
1629116708.8316977,0.013972041586822298,0.13320673105226497
1629116708.8419979,0.013972041586822298,0.13320673105226497
1629116708.8521955,0.013972041586822298,0.13320673105226497
1629116708.8623583,0.013972041586822298,0.13320673105226497
1629116708.8726463,0.013972041586822298,0.13320673105226497
1629116708.8828726,0.013972041586822298,0.13320673105226497
1629116708.893093,0.013972041586822298,0.13320673105226497
1629116708.9034078,0.013972041586822298,0.13320673105226497
1629116708.9135668,0.013972041586822298,0.13320673105226497
1629116708.9238393,0.013972041586822298,0.13320673105226497
1629116708.9341164,0.013972041586822298,0.13320673105226497
1629116708.9443395,0.013972041586822298,0.13320673105226497
1629116708.954513,0.013972041586822298,0.13320673105226497
1629116708.9649277,0.013972041586822298,0.13320673105226497
1629116708.9752114,0.013972041586822298,0.13320673105226497
1629116708.9855173,0.013972041586822298,0.13320673105226497
1629116708.9958196,0.013972041586822298,0.13320673105226497
1629116709.0061643,0.013972041586822298,0.13320673105226497
1629116709.016549,0.013972041586822298,0.13320673105226497
1629116709.0267751,0.013972041586822298,0.13320673105226497
1629116709.0370016,0.013972041586822298,0.13320673105226497
1629116709.0471556,0.013972041586822298,0.13320673105226497
1629116709.0574043,0.013972041586822298,0.13320673105226497
1629116709.0677497,0.013972041586822298,0.13320673105226497
1629116709.0779982,0.013972041586822298,0.13320673105226497
1629116709.0882595,0.013972041586822298,0.13320673105226497
1629116709.0985289,0.013972041586822298,0.13320673105226497
1629116709.1087239,0.013972041586822298,0.13320673105226497
1629116709.1189525,0.013972041586822298,0.13320673105226497
1629116709.129341,0.013972041586822298,0.13320673105226497
1629116709.1395545,0.013972041586822298,0.13320673105226497
1629116709.149823,0.013972041586822298,0.13320673105226497
1629116709.1601846,0.013972041586822298,0.13320673105226497
1629116709.170367,0.013972041586822298,0.13320673105226497
1629116709.18066,0.013972041586822298,0.13320673105226497
1629116709.1909509,0.013972041586822298,0.13320673105226497
1629116709.20115,0.013972041586822298,0.13320673105226497
1629116709.2114,0.013972041586822298,0.13320673105226497
1629116709.2216618,0.013972041586822298,0.13320673105226497
1629116709.2319126,0.013972041586822298,0.13320673105226497
1629116709.2421908,0.013972041586822298,0.13320673105226497
1629116709.2524393,0.013972041586822298,0.13320673105226497
1629116709.2626498,0.013972041586822298,0.13320673105226497
1629116709.2728162,0.013972041586822298,0.13320673105226497
1629116709.2830372,0.013972041586822298,0.13320673105226497
1629116709.2933536,0.013972041586822298,0.13320673105226497
1629116709.303638,0.013972041586822298,0.13320673105226497
1629116709.3139048,0.013972041586822298,0.13320673105226497
1629116709.3241558,0.013972041586822298,0.13320673105226497
1629116709.3343606,0.013972041586822298,0.13320673105226497
1629116709.3445716,0.013972041586822298,0.13320673105226497
1629116709.3547885,0.013972041586822298,0.13320673105226497
1629116709.3651304,0.013972041586822298,0.13320673105226497
1629116709.3751245,0.013972041586822298,0.13320673105226497
1629116709.3854637,0.013972041586822298,0.13320673105226497
1629116709.3955944,0.013972041586822298,0.13320673105226497
1629116709.4057806,0.013972041586822298,0.13320673105226497
1629116709.4160712,0.013972041586822298,0.13320673105226497
1629116709.426384,0.013972041586822298,0.13320673105226497
1629116709.4367936,0.013972041586822298,0.13320673105226497
1629116709.4470289,0.013972041586822298,0.13320673105226497
1629116709.4573202,0.013972041586822298,0.13320673105226497
1629116709.4675453,0.013972041586822298,0.13320673105226497
1629116709.4779274,0.013972041586822298,0.13320673105226497
1629116709.4881313,0.013972041586822298,0.13320673105226497
1629116709.4983974,0.013972041586822298,0.13320673105226497
1629116709.5087233,0.013972041586822298,0.13320673105226497
1629116709.5190053,0.013972041586822298,0.13320673105226497
1629116709.5292366,0.013972041586822298,0.13320673105226497
1629116709.5394337,0.013972041586822298,0.13320673105226497
1629116709.5496528,0.013972041586822298,0.13320673105226497
1629116709.5598078,0.013972041586822298,0.13320673105226497
1629116709.570009,0.013972041586822298,0.13320673105226497
1629116709.5802763,0.013972041586822298,0.13320673105226497
1629116709.5905323,0.013972041586822298,0.13320673105226497
1629116709.6007853,0.013972041586822298,0.13320673105226497
1629116709.6111007,0.013972041586822298,0.13320673105226497
1629116709.6211967,0.013972041586822298,0.13320673105226497
1629116709.6314256,0.013972041586822298,0.13320673105226497
1629116709.6417253,0.013972041586822298,0.13320673105226497
1629116709.6519296,0.013972041586822298,0.13320673105226497
1629116709.6622014,0.013972041586822298,0.13320673105226497
1629116709.6724188,0.013972041586822298,0.13320673105226497
1629116709.6827161,0.013972041586822298,0.13320673105226497
1629116709.692937,0.013972041586822298,0.13320673105226497
1629116709.7032049,0.013972041586822298,0.13320673105226497
1629116709.713534,0.013972041586822298,0.13320673105226497
1629116709.7237675,0.013972041586822298,0.13320673105226497
1629116709.7340746,0.013972041586822298,0.13320673105226497
1629116709.7443652,0.013972041586822298,0.13320673105226497
1629116709.7545927,0.013972041586822298,0.13320673105226497
1629116709.7648249,0.013972041586822298,0.13320673105226497
1629116709.7750201,0.013972041586822298,0.13320673105226497
1629116709.785243,0.013972041586822298,0.13320673105226497
1629116709.7953813,0.013972041586822298,0.13320673105226497
1629116709.8056767,0.013972041586822298,0.13320673105226497
1629116709.8158276,0.013972041586822298,0.13320673105226497
1629116709.826066,0.013972041586822298,0.13320673105226497
1629116709.8362148,0.013972041586822298,0.13320673105226497
1629116709.8464875,0.013972041586822298,0.13320673105226497
1629116709.8566241,0.013972041586822298,0.13320673105226497
1629116709.8668206,0.013972041586822298,0.13320673105226497
1629116709.8771255,0.013972041586822298,0.13320673105226497
1629116709.887328,0.013972041586822298,0.13320673105226497
1629116709.8976932,0.013972041586822298,0.13320673105226497
1629116709.907869,0.013972041586822298,0.13320673105226497
1629116709.91799,0.013972041586822298,0.13320673105226497
1629116709.9282186,0.013972041586822298,0.13320673105226497
1629116709.9384725,0.013972041586822298,0.13320673105226497
1629116709.9486413,0.013972041586822298,0.13320673105226497
1629116709.958922,0.013972041586822298,0.13320673105226497
1629116709.969355,0.013972041586822298,0.13320673105226497
1629116709.9794178,0.013972041586822298,0.13320673105226497
1629116709.9896593,0.013972041586822298,0.13320673105226497
1629116709.9997683,0.8,-0.5532361783424299
1629116710.0100274,0.8,-0.5532361783424299
1629116710.0203,0.8,-0.5532361783424299
1629116710.0304918,0.8,-0.5532361783424299
1629116710.0407064,0.8,-0.5532361783424299
1629116710.050852,0.8,-0.5532361783424299
1629116710.0612478,0.8,-0.5532361783424299
1629116710.0713613,0.8,-0.5532361783424299
1629116710.0816095,0.8,-0.5532361783424299
1629116710.091806,0.8,-0.5532361783424299
1629116710.102102,0.8,-0.5532361783424299
1629116710.1123242,0.8,-0.5532361783424299
1629116710.1225605,0.8,-0.5532361783424299
1629116710.1327868,0.8,-0.5532361783424299
1629116710.1430404,0.8,-0.5532361783424299
1629116710.1533005,0.8,-0.5532361783424299
1629116710.1636376,0.8,-0.5532361783424299
1629116710.173821,0.8,-0.5532361783424299
1629116710.18408,0.8,-0.5532361783424299
1629116710.1944082,0.8,-0.5532361783424299
1629116710.2046149,0.8,-0.5532361783424299
1629116710.215105,0.8,-0.5532361783424299
1629116710.2252557,0.8,-0.5532361783424299
1629116710.2355394,0.8,-0.5532361783424299
1629116710.245714,0.8,-0.5532361783424299
1629116710.256118,0.8,-0.5532361783424299
1629116710.2664886,0.8,-0.5532361783424299
1629116710.276827,0.8,-0.5532361783424299
1629116710.2871473,0.8,-0.5532361783424299
1629116710.297445,0.8,-0.5532361783424299
1629116710.3076565,0.8,-0.5532361783424299
1629116710.31804,0.8,-0.5532361783424299
1629116710.32822,0.8,-0.5532361783424299
1629116710.3383694,0.8,-0.5532361783424299
1629116710.3486028,0.8,-0.5532361783424299
1629116710.3588283,0.8,-0.5532361783424299
1629116710.3689249,0.8,-0.5532361783424299
1629116710.3792686,0.8,-0.5532361783424299
1629116710.389346,0.8,-0.5532361783424299
1629116710.399528,0.8,-0.5532361783424299
1629116710.409889,0.8,-0.5532361783424299
1629116710.4200234,0.8,-0.5532361783424299
1629116710.4302402,0.8,-0.5532361783424299
1629116710.4406023,-0.014959799731916752,0.3388884464177374
1629116710.4508224,-0.014959799731916752,0.3388884464177374
1629116710.4610262,-0.014959799731916752,0.3388884464177374
1629116710.471311,-0.014959799731916752,0.3388884464177374
1629116710.4815862,-0.014959799731916752,0.3388884464177374
1629116710.4917667,-0.014959799731916752,0.3388884464177374
1629116710.5020049,-0.014959799731916752,0.3388884464177374
1629116710.5122645,-0.014959799731916752,0.3388884464177374
1629116710.5224586,-0.014959799731916752,0.3388884464177374
1629116710.5326667,-0.014959799731916752,0.3388884464177374
1629116710.5429208,-0.014959799731916752,0.3388884464177374
1629116710.5530403,-0.014959799731916752,0.3388884464177374
1629116710.5632794,-0.014959799731916752,0.3388884464177374
1629116710.573525,-0.014959799731916752,0.3388884464177374
1629116710.5836856,-0.014959799731916752,0.3388884464177374
1629116710.5939293,-0.014959799731916752,0.3388884464177374
1629116710.6041849,-0.014959799731916752,0.3388884464177374
1629116710.6144874,-0.014959799731916752,0.3388884464177374
1629116710.6247275,-0.014959799731916752,0.3388884464177374
1629116710.634984,-0.014959799731916752,0.3388884464177374
1629116710.6451836,-0.014959799731916752,0.3388884464177374
1629116710.6553617,-0.014959799731916752,0.3388884464177374
1629116710.6657813,-0.014959799731916752,0.3388884464177374
1629116710.6760466,-0.014959799731916752,0.3388884464177374
1629116710.6863422,-0.014959799731916752,0.3388884464177374
1629116710.6968803,-0.014959799731916752,0.3388884464177374
1629116710.7068963,-0.014959799731916752,0.3388884464177374
1629116710.7171726,-0.014959799731916752,0.3388884464177374
1629116710.7274733,-0.014959799731916752,0.3388884464177374
1629116710.7376401,-0.014959799731916752,0.3388884464177374
1629116710.747993,-0.014959799731916752,0.3388884464177374
1629116710.7584393,-0.014959799731916752,0.3388884464177374
1629116710.7693295,-0.014959799731916752,0.3388884464177374
1629116710.7790549,-0.014959799731916752,0.3388884464177374
1629116710.78913,-0.014959799731916752,0.3388884464177374
1629116710.7992764,-0.014959799731916752,0.3388884464177374
1629116710.809491,-0.014959799731916752,0.3388884464177374
1629116710.8197334,-0.014959799731916752,0.3388884464177374
1629116710.8301582,-0.014959799731916752,0.3388884464177374
1629116710.8402305,-0.014959799731916752,0.3388884464177374
1629116710.8504202,-0.014959799731916752,0.3388884464177374
1629116710.8608117,-0.014959799731916752,0.3388884464177374
1629116710.8710032,-0.014959799731916752,0.3388884464177374
1629116710.8811162,-0.014959799731916752,0.3388884464177374
1629116710.8914058,-0.014959799731916752,0.3388884464177374
1629116710.9016056,-0.014959799731916752,0.3388884464177374
1629116710.9118626,-0.014959799731916752,0.3388884464177374
1629116710.9221516,-0.014959799731916752,0.3388884464177374
1629116710.9324172,-0.014959799731916752,0.3388884464177374
1629116710.9425883,-0.014959799731916752,0.3388884464177374
1629116710.9528525,-0.014959799731916752,0.3388884464177374
1629116710.9632103,-0.014959799731916752,0.3388884464177374
1629116710.9732466,-0.014959799731916752,0.3388884464177374
1629116710.983538,-0.014959799731916752,0.3388884464177374
1629116710.9939046,-0.014959799731916752,0.3388884464177374
1629116711.0041077,-0.014959799731916752,0.3388884464177374
1629116711.014424,-0.014959799731916752,0.3388884464177374
1629116711.0246773,-0.014959799731916752,0.3388884464177374
1629116711.0348995,-0.014959799731916752,0.3388884464177374
1629116711.045064,-0.014959799731916752,0.3388884464177374
1629116711.0553026,-0.014959799731916752,0.3388884464177374
1629116711.0654202,-0.014959799731916752,0.3388884464177374
1629116711.0757587,-0.014959799731916752,0.3388884464177374
1629116711.0859585,-0.014959799731916752,0.3388884464177374
1629116711.0961628,-0.014959799731916752,0.3388884464177374
1629116711.1062667,-0.014959799731916752,0.3388884464177374
1629116711.1165514,-0.014959799731916752,0.3388884464177374
1629116711.1268668,-0.014959799731916752,0.3388884464177374
1629116711.1371088,-0.014959799731916752,0.3388884464177374
1629116711.1473658,-0.014959799731916752,0.3388884464177374
1629116711.157575,-0.014959799731916752,0.3388884464177374
1629116711.1677113,-0.014959799731916752,0.3388884464177374
1629116711.1780112,-0.014959799731916752,0.3388884464177374
1629116711.1881812,-0.014959799731916752,0.3388884464177374
1629116711.1983492,-0.014959799731916752,0.3388884464177374
1629116711.208614,-0.014959799731916752,0.3388884464177374
1629116711.2188606,-0.014959799731916752,0.3388884464177374
1629116711.2290099,-0.014959799731916752,0.3388884464177374
1629116711.2392802,-0.014959799731916752,0.3388884464177374
1629116711.2495775,-0.014959799731916752,0.3388884464177374
1629116711.259867,-0.014959799731916752,0.3388884464177374
1629116711.2701266,-0.014959799731916752,0.3388884464177374
1629116711.2803285,-0.014959799731916752,0.3388884464177374
1629116711.2905252,-0.014959799731916752,0.3388884464177374
1629116711.300825,-0.014959799731916752,0.3388884464177374
1629116711.3111188,-0.014959799731916752,0.3388884464177374
1629116711.3213365,-0.014959799731916752,0.3388884464177374
1629116711.3316193,-0.014959799731916752,0.3388884464177374
1629116711.34183,-0.014959799731916752,0.3388884464177374
1629116711.3520844,-0.014959799731916752,0.3388884464177374
1629116711.3623326,-0.014959799731916752,0.3388884464177374
1629116711.3725495,-0.014959799731916752,0.3388884464177374
1629116711.3828743,-0.014959799731916752,0.3388884464177374
1629116711.3930058,-0.014959799731916752,0.3388884464177374
1629116711.4033842,-0.014959799731916752,0.3388884464177374
1629116711.413626,-0.014959799731916752,0.3388884464177374
1629116711.4237785,-0.014959799731916752,0.3388884464177374
1629116711.4341063,-0.014959799731916752,0.3388884464177374
1629116711.444602,-0.014959799731916752,0.3388884464177374
1629116711.4546976,-0.014959799731916752,0.3388884464177374
1629116711.4650278,-0.014959799731916752,0.3388884464177374
1629116711.475276,-0.014959799731916752,0.3388884464177374
1629116711.4854648,-0.014959799731916752,0.3388884464177374
1629116711.4958367,-0.014959799731916752,0.3388884464177374
1629116711.5059202,-0.014959799731916752,0.3388884464177374
1629116711.516273,-0.014959799731916752,0.3388884464177374
1629116711.526417,-0.014959799731916752,0.3388884464177374
1629116711.536661,-0.014959799731916752,0.3388884464177374
1629116711.5467956,-0.014959799731916752,0.3388884464177374
1629116711.5571072,-0.014959799731916752,0.3388884464177374
1629116711.567322,-0.014959799731916752,0.3388884464177374
1629116711.577513,-0.014959799731916752,0.3388884464177374
1629116711.5877297,-0.014959799731916752,0.3388884464177374
1629116711.5979674,-0.014959799731916752,0.3388884464177374
1629116711.6081314,-0.014959799731916752,0.3388884464177374
1629116711.6184635,-0.014959799731916752,0.3388884464177374
1629116711.6286519,-0.014959799731916752,0.3388884464177374
1629116711.6389103,-0.014959799731916752,0.3388884464177374
1629116711.6491213,-0.014959799731916752,0.3388884464177374
1629116711.6594117,-0.014959799731916752,0.3388884464177374
1629116711.6696737,-0.014959799731916752,0.3388884464177374
1629116711.679981,-0.014959799731916752,0.3388884464177374
1629116711.6901746,-0.014959799731916752,0.3388884464177374
1629116711.700435,-0.014959799731916752,0.3388884464177374
1629116711.7110991,-0.014959799731916752,0.3388884464177374
1629116711.7209861,-0.014959799731916752,0.3388884464177374
1629116711.7311394,-0.014959799731916752,0.3388884464177374
1629116711.7413359,-0.014959799731916752,0.3388884464177374
1629116711.7516797,-0.014959799731916752,0.3388884464177374
1629116711.7618015,-0.014959799731916752,0.3388884464177374
1629116711.7721124,-0.014959799731916752,0.3388884464177374
1629116711.7822902,-0.014959799731916752,0.3388884464177374
1629116711.792561,-0.014959799731916752,0.3388884464177374
1629116711.8027425,-0.014959799731916752,0.3388884464177374
1629116711.8173532,-0.014959799731916752,0.3388884464177374
1629116711.8232214,-0.014959799731916752,0.3388884464177374
1629116711.8334281,-0.014959799731916752,0.3388884464177374
1629116711.8438337,-0.014959799731916752,0.3388884464177374
1629116711.8540504,-0.014959799731916752,0.3388884464177374
1629116711.8642755,-0.014959799731916752,0.3388884464177374
1629116711.8745255,-0.014959799731916752,0.3388884464177374
1629116711.8848386,-0.014959799731916752,0.3388884464177374
1629116711.8950849,-0.014959799731916752,0.3388884464177374
1629116711.9052444,-0.014959799731916752,0.3388884464177374
1629116711.9155304,-0.014959799731916752,0.3388884464177374
1629116711.925832,-0.014959799731916752,0.3388884464177374
1629116711.9360116,-0.014959799731916752,0.3388884464177374
1629116711.946133,-0.014959799731916752,0.3388884464177374
1629116711.9564908,-0.014959799731916752,0.3388884464177374
1629116711.9667048,-0.014959799731916752,0.3388884464177374
1629116711.9769292,-0.014959799731916752,0.3388884464177374
1629116711.987136,-0.014959799731916752,0.3388884464177374
1629116711.9974086,-0.014959799731916752,0.3388884464177374
1629116712.0077126,-0.014959799731916752,0.3388884464177374
1629116712.017818,-0.014959799731916752,0.3388884464177374
1629116712.0281065,-0.014959799731916752,0.3388884464177374
1629116712.0382745,-0.014959799731916752,0.3388884464177374
1629116712.0486658,-0.014959799731916752,0.3388884464177374
1629116712.0588257,-0.014959799731916752,0.3388884464177374
1629116712.0692194,-0.014959799731916752,0.3388884464177374
1629116712.0794356,-0.014959799731916752,0.3388884464177374
1629116712.089634,-0.014959799731916752,0.3388884464177374
1629116712.099958,-0.014959799731916752,0.3388884464177374
1629116712.1102211,-0.014959799731916752,0.3388884464177374
1629116712.1204545,-0.014959799731916752,0.3388884464177374
1629116712.1307666,-0.014959799731916752,0.3388884464177374
1629116712.141016,-0.014959799731916752,0.3388884464177374
1629116712.1512291,-0.014959799731916752,0.3388884464177374
1629116712.1614816,-0.014959799731916752,0.3388884464177374
1629116712.1716726,-0.014959799731916752,0.3388884464177374
1629116712.1819124,-0.014959799731916752,0.3388884464177374
1629116712.1921299,-0.014959799731916752,0.3388884464177374
1629116712.2024028,-0.014959799731916752,0.3388884464177374
1629116712.2124965,-0.014959799731916752,0.3388884464177374
1629116712.2227676,-0.014959799731916752,0.3388884464177374
1629116712.2329931,-0.014959799731916752,0.3388884464177374
1629116712.2432618,-0.014959799731916752,0.3388884464177374
1629116712.2534766,-0.014959799731916752,0.3388884464177374
1629116712.2636836,-0.014959799731916752,0.3388884464177374
1629116712.2738538,-0.014959799731916752,0.3388884464177374
1629116712.2840738,-0.014959799731916752,0.3388884464177374
1629116712.2944205,-0.014959799731916752,0.3388884464177374
1629116712.3046455,-0.014959799731916752,0.3388884464177374
1629116712.314947,-0.014959799731916752,0.3388884464177374
1629116712.3254545,-0.014959799731916752,0.3388884464177374
1629116712.3356142,-0.014959799731916752,0.3388884464177374
1629116712.3458362,-0.014959799731916752,0.3388884464177374
1629116712.3562071,-0.014959799731916752,0.3388884464177374
1629116712.366455,-0.014959799731916752,0.3388884464177374
1629116712.376992,-0.014959799731916752,0.3388884464177374
1629116712.3868604,-0.014959799731916752,0.3388884464177374
1629116712.3972409,-0.014959799731916752,0.3388884464177374
1629116712.4072912,-0.014959799731916752,0.3388884464177374
1629116712.4176168,-0.014959799731916752,0.3388884464177374
1629116712.427856,-0.014959799731916752,0.3388884464177374
1629116712.438052,-0.014959799731916752,0.3388884464177374
1629116712.4481804,-0.014959799731916752,0.3388884464177374
1629116712.458352,-0.014959799731916752,0.3388884464177374
1629116712.4687266,-0.014959799731916752,0.3388884464177374
1629116712.4789135,-0.014959799731916752,0.3388884464177374
1629116712.4892333,-0.014959799731916752,0.3388884464177374
1629116712.499456,-0.014959799731916752,0.3388884464177374
1629116712.5096836,-0.014959799731916752,0.3388884464177374
1629116712.5200686,-0.014959799731916752,0.3388884464177374
1629116712.5303745,-0.014959799731916752,0.3388884464177374
1629116712.5406642,-0.014959799731916752,0.3388884464177374
1629116712.550862,-0.014959799731916752,0.3388884464177374
1629116712.5609906,-0.014959799731916752,0.3388884464177374
1629116712.5712337,-0.014959799731916752,0.3388884464177374
1629116712.581503,-0.014959799731916752,0.3388884464177374
1629116712.5918026,-0.014959799731916752,0.3388884464177374
1629116712.6018763,-0.014959799731916752,0.3388884464177374
1629116712.6120465,-0.014959799731916752,0.3388884464177374
1629116712.6223402,-0.014959799731916752,0.3388884464177374
1629116712.6324296,-0.014959799731916752,0.3388884464177374
1629116712.6427283,-0.014959799731916752,0.3388884464177374
1629116712.6530588,-0.014959799731916752,0.3388884464177374
1629116712.6631994,-0.014959799731916752,0.3388884464177374
1629116712.6734002,-0.014959799731916752,0.3388884464177374
1629116712.6838663,-0.014959799731916752,0.3388884464177374
1629116712.6941404,-0.014959799731916752,0.3388884464177374
1629116712.704381,-0.014959799731916752,0.3388884464177374
1629116712.714657,-0.014959799731916752,0.3388884464177374
1629116712.7248712,-0.014959799731916752,0.3388884464177374
1629116712.735231,-0.014959799731916752,0.3388884464177374
1629116712.7454798,-0.014959799731916752,0.3388884464177374
1629116712.7555816,-0.014959799731916752,0.3388884464177374
1629116712.7658582,-0.014959799731916752,0.3388884464177374
1629116712.7760782,-0.014959799731916752,0.3388884464177374
1629116712.786221,-0.014959799731916752,0.3388884464177374
1629116712.7965462,-0.014959799731916752,0.3388884464177374
1629116712.8067582,-0.014959799731916752,0.3388884464177374
1629116712.8171406,-0.014959799731916752,0.3388884464177374
1629116712.827398,-0.014959799731916752,0.3388884464177374
1629116712.8376188,-0.014959799731916752,0.3388884464177374
1629116712.848,-0.014959799731916752,0.3388884464177374
1629116712.8580985,-0.014959799731916752,0.3388884464177374
1629116712.8683712,-0.014959799731916752,0.3388884464177374
1629116712.8785734,-0.014959799731916752,0.3388884464177374
1629116712.8887286,-0.014959799731916752,0.3388884464177374
1629116712.8989055,-0.014959799731916752,0.3388884464177374
1629116712.909209,-0.014959799731916752,0.3388884464177374
1629116712.9195182,-0.014959799731916752,0.3388884464177374
1629116712.9296815,-0.014959799731916752,0.3388884464177374
1629116712.939937,-0.014959799731916752,0.3388884464177374
1629116712.9501412,-0.014959799731916752,0.3388884464177374
1629116712.9602594,-0.014959799731916752,0.3388884464177374
1629116712.9706755,-0.014959799731916752,0.3388884464177374
1629116712.9806972,-0.014959799731916752,0.3388884464177374
1629116712.9908872,-0.014959799731916752,0.3388884464177374
1629116713.0012064,-0.014959799731916752,0.3388884464177374
1629116713.0114918,-0.014959799731916752,0.3388884464177374
1629116713.0216396,-0.014959799731916752,0.3388884464177374
1629116713.0319397,-0.014959799731916752,0.3388884464177374
1629116713.0422156,-0.014959799731916752,0.3388884464177374
1629116713.0524845,-0.014959799731916752,0.3388884464177374
1629116713.0626903,-0.014959799731916752,0.3388884464177374
1629116713.0729556,-0.014959799731916752,0.3388884464177374
1629116713.08317,-0.014959799731916752,0.3388884464177374
1629116713.0934827,-0.014959799731916752,0.3388884464177374
1629116713.1036289,-0.014959799731916752,0.3388884464177374
1629116713.1138978,-0.014959799731916752,0.3388884464177374
1629116713.1241903,-0.014959799731916752,0.3388884464177374
1629116713.1343975,-0.014959799731916752,0.3388884464177374
1629116713.1445947,-0.014959799731916752,0.3388884464177374
1629116713.1547909,-0.014959799731916752,0.3388884464177374
1629116713.1649642,-0.014959799731916752,0.3388884464177374
1629116713.1752222,-0.014959799731916752,0.3388884464177374
1629116713.1853883,-0.014959799731916752,0.3388884464177374
1629116713.1955855,-0.014959799731916752,0.3388884464177374
1629116713.2058816,-0.014959799731916752,0.3388884464177374
1629116713.2160428,-0.014959799731916752,0.3388884464177374
1629116713.2265096,-0.014959799731916752,0.3388884464177374
1629116713.2366538,-0.014959799731916752,0.3388884464177374
1629116713.2468317,-0.014959799731916752,0.3388884464177374
1629116713.2570243,-0.014959799731916752,0.3388884464177374
1629116713.2671926,-0.014959799731916752,0.3388884464177374
1629116713.277447,-0.014959799731916752,0.3388884464177374
1629116713.2876768,-0.014959799731916752,0.3388884464177374
1629116713.2980192,-0.014959799731916752,0.3388884464177374
1629116713.3080657,-0.014959799731916752,0.3388884464177374
1629116713.318375,-0.014959799731916752,0.3388884464177374
1629116713.3286226,-0.014959799731916752,0.3388884464177374
1629116713.3388689,-0.014959799731916752,0.3388884464177374
1629116713.349122,-0.014959799731916752,0.3388884464177374
1629116713.359246,-0.014959799731916752,0.3388884464177374
1629116713.3695204,-0.014959799731916752,0.3388884464177374
1629116713.3797398,-0.014959799731916752,0.3388884464177374
1629116713.3901186,-0.014959799731916752,0.3388884464177374
1629116713.4001534,-0.014959799731916752,0.3388884464177374
1629116713.410409,-0.014959799731916752,0.3388884464177374
1629116713.420632,-0.014959799731916752,0.3388884464177374
1629116713.4309077,-0.014959799731916752,0.3388884464177374
1629116713.4411013,-0.014959799731916752,0.3388884464177374
1629116713.4513805,-0.014959799731916752,0.3388884464177374
1629116713.461605,-0.014959799731916752,0.3388884464177374
1629116713.4718227,-0.014959799731916752,0.3388884464177374
1629116713.4821174,-0.014959799731916752,0.3388884464177374
1629116713.492302,-0.014959799731916752,0.3388884464177374
1629116713.5024104,-0.014959799731916752,0.3388884464177374
1629116713.5126772,-0.014959799731916752,0.3388884464177374
1629116713.522943,-0.014959799731916752,0.3388884464177374
1629116713.533065,-0.014959799731916752,0.3388884464177374
1629116713.5432768,-0.014959799731916752,0.3388884464177374
1629116713.5535347,-0.014959799731916752,0.3388884464177374
1629116713.5638123,-0.014959799731916752,0.3388884464177374
1629116713.5739746,-0.014959799731916752,0.3388884464177374
1629116713.5843327,-0.014959799731916752,0.3388884464177374
1629116713.5943873,-0.014959799731916752,0.3388884464177374
1629116713.604641,-0.014959799731916752,0.3388884464177374
1629116713.614903,-0.014959799731916752,0.3388884464177374
1629116713.6251943,-0.014959799731916752,0.3388884464177374
1629116713.6354575,-0.014959799731916752,0.3388884464177374
1629116713.6455607,-0.014959799731916752,0.3388884464177374
1629116713.65581,-0.014959799731916752,0.3388884464177374
1629116713.6660817,-0.014959799731916752,0.3388884464177374
1629116713.676493,-0.014959799731916752,0.3388884464177374
1629116713.686618,-0.014959799731916752,0.3388884464177374
1629116713.6968997,-0.014959799731916752,0.3388884464177374
1629116713.7071636,-0.014959799731916752,0.3388884464177374
1629116713.7174194,-0.014959799731916752,0.3388884464177374
1629116713.7276597,-0.014959799731916752,0.3388884464177374
1629116713.7378829,-0.014959799731916752,0.3388884464177374
1629116713.748187,-0.014959799731916752,0.3388884464177374
1629116713.758383,-0.014959799731916752,0.3388884464177374
1629116713.7686968,-0.014959799731916752,0.3388884464177374
1629116713.778952,-0.014959799731916752,0.3388884464177374
1629116713.7890422,-0.014959799731916752,0.3388884464177374
1629116713.7993786,-0.014959799731916752,0.3388884464177374
1629116713.8096292,-0.014959799731916752,0.3388884464177374
1629116713.8197792,-0.014959799731916752,0.3388884464177374
1629116713.830114,-0.014959799731916752,0.3388884464177374
1629116713.8403997,-0.014959799731916752,0.3388884464177374
1629116713.85064,-0.014959799731916752,0.3388884464177374
1629116713.8608952,-0.014959799731916752,0.3388884464177374
1629116713.871136,-0.014959799731916752,0.3388884464177374
1629116713.8812954,-0.014959799731916752,0.3388884464177374
1629116713.8915918,-0.014959799731916752,0.3388884464177374
1629116713.9018054,-0.014959799731916752,0.3388884464177374
1629116713.9120014,-0.014959799731916752,0.3388884464177374
1629116713.9221582,-0.014959799731916752,0.3388884464177374
1629116713.9324129,-0.014959799731916752,0.3388884464177374
1629116713.9425738,-0.014959799731916752,0.3388884464177374
1629116713.9527922,-0.014959799731916752,0.3388884464177374
1629116713.9631655,-0.014959799731916752,0.3388884464177374
1629116713.9733298,-0.014959799731916752,0.3388884464177374
1629116713.983586,-0.014959799731916752,0.3388884464177374
1629116713.9939516,-0.014959799731916752,0.3388884464177374
1629116714.0040934,-0.014959799731916752,0.3388884464177374
1629116714.0142589,-0.014959799731916752,0.3388884464177374
1629116714.0245972,-0.014959799731916752,0.3388884464177374
1629116714.0347629,-0.014959799731916752,0.3388884464177374
1629116714.0449367,-0.014959799731916752,0.3388884464177374
1629116714.0551646,-0.014959799731916752,0.3388884464177374
1629116714.0653589,-0.014959799731916752,0.3388884464177374
1629116714.075634,-0.014959799731916752,0.3388884464177374
1629116714.086064,-0.014959799731916752,0.3388884464177374
1629116714.0963366,-0.014959799731916752,0.3388884464177374
1629116714.1066146,-0.014959799731916752,0.3388884464177374
1629116714.116833,-0.014959799731916752,0.3388884464177374
1629116714.1270728,-0.014959799731916752,0.3388884464177374
1629116714.1373444,-0.014959799731916752,0.3388884464177374
1629116714.147427,-0.014959799731916752,0.3388884464177374
1629116714.157726,-0.014959799731916752,0.3388884464177374
1629116714.1679187,-0.014959799731916752,0.3388884464177374
1629116714.1781342,-0.014959799731916752,0.3388884464177374
1629116714.1883473,-0.014959799731916752,0.3388884464177374
1629116714.1984804,-0.014959799731916752,0.3388884464177374
1629116714.2086627,-0.014959799731916752,0.3388884464177374
1629116714.2189384,-0.014959799731916752,0.3388884464177374
1629116714.2291703,-0.014959799731916752,0.3388884464177374
1629116714.2393296,-0.014959799731916752,0.3388884464177374
1629116714.2495172,-0.014959799731916752,0.3388884464177374
1629116714.2598076,0.8,-1.0
1629116714.2700408,0.8,-1.0
1629116714.2803013,0.8,-1.0
1629116714.290517,0.8,-1.0
1629116714.3006573,0.8,-1.0
1629116714.3109257,0.8,-1.0
1629116714.3211021,0.8,-1.0
1629116714.3313382,0.8,-1.0
1629116714.3417213,0.8,-1.0
1629116714.3519208,0.8,-1.0
1629116714.3621864,0.8,-1.0
1629116714.3724933,0.8,-1.0
1629116714.3829782,0.8,-1.0
1629116714.392972,0.8,-1.0
1629116714.4031942,0.8,-1.0
1629116714.4134989,0.8,-1.0
1629116714.4236982,0.8,-1.0
1629116714.433934,0.8,-1.0
1629116714.444245,0.8,-1.0
1629116714.4544816,0.8,-1.0
1629116714.4646733,0.8,-1.0
1629116714.4750204,0.8,-1.0
1629116714.4852273,0.8,-1.0
1629116714.4954011,0.8,-1.0
1629116714.5056818,0.8,-1.0
1629116714.5160055,0.8,-1.0
1629116714.5262804,0.8,-1.0
1629116714.5365744,0.8,-1.0
1629116714.5467527,0.8,-1.0
1629116714.5569508,0.8,-1.0
1629116714.5673785,0.8,-1.0
1629116714.5774736,0.8,-1.0
1629116714.5876176,0.8,-1.0
1629116714.5978692,0.8,-1.0
1629116714.6080537,0.8,-1.0
1629116714.618469,0.8,-1.0
1629116714.628851,0.8,-1.0
1629116714.6390407,0.8,-1.0
1629116714.6491113,0.8,-1.0
1629116714.6593351,0.8,-1.0
1629116714.669546,0.8,-1.0
1629116714.6797726,0.8,-1.0
1629116714.6899168,0.8,-1.0
1629116714.7002149,0.8,-1.0
1629116714.7104855,0.8,-1.0
1629116714.7207444,0.8,-1.0
1629116714.7308896,0.8,-1.0
1629116714.7411618,0.8,-1.0
1629116714.751385,0.8,-1.0
1629116714.7615185,0.8,-1.0
1629116714.7719612,0.8,-1.0
1629116714.7820787,0.8,-1.0
1629116714.7922096,0.8,-1.0
1629116714.8024416,0.8,-1.0
1629116714.8127208,0.8,-1.0
1629116714.8229795,0.8,-1.0
1629116714.8332078,0.8,-1.0
1629116714.8435102,0.8,-1.0
1629116714.8536634,0.8,-1.0
1629116714.864065,0.8,-1.0
1629116714.8743353,0.8,-1.0
1629116714.8845055,0.8,-1.0
1629116714.894753,0.8,-1.0
1629116714.9050303,0.8,-1.0
1629116714.9152262,0.8,-1.0
1629116714.925631,0.8,-1.0
1629116714.9358158,0.8,-1.0
1629116714.946072,0.8,-1.0
1629116714.9563634,0.8,-1.0
1629116714.9666295,0.8,-1.0
1629116714.9768257,0.8,-1.0
1629116714.9870813,0.8,-1.0
1629116714.9973311,0.8,-1.0
1629116715.0075593,0.8,-1.0
1629116715.017824,0.8,-1.0
1629116715.0280237,0.8,-1.0
1629116715.038277,0.8,-1.0
1629116715.0486786,0.8,-1.0
1629116715.0589442,0.8,-1.0
1629116715.069249,0.8,-1.0
1629116715.0793958,0.8,-1.0
1629116715.089705,0.8,-1.0
1629116715.0999365,0.8,-1.0
1629116715.110132,0.8,-1.0
1629116715.1204007,0.8,-1.0
1629116715.130637,0.8,-1.0
1629116715.140876,0.8,-1.0
1629116715.1510954,0.8,-1.0
1629116715.161307,0.8,-1.0
1629116715.171535,0.8,-1.0
1629116715.1817718,0.8,-1.0
1629116715.1919713,0.8,-1.0
1629116715.2021894,0.8,-1.0
1629116715.212349,0.8,-1.0
1629116715.222464,0.8,-1.0
1629116715.2327747,0.8,-1.0
1629116715.2431307,0.8,-1.0
1629116715.253313,0.8,-1.0
1629116715.2634099,0.8,-1.0
1629116715.2736404,0.8,-1.0
1629116715.283955,0.8,-1.0
1629116715.2940896,0.8,-1.0
1629116715.3043518,0.8,-1.0
1629116715.3145332,0.8,-1.0
1629116715.3247263,0.8,-1.0
1629116715.3349755,0.8,-1.0
1629116715.3453798,0.8,-1.0
1629116715.3554819,0.8,-1.0
1629116715.365773,0.8,-1.0
1629116715.3760474,0.8,-1.0
1629116715.3862476,0.8,-1.0
1629116715.3964465,0.8,-1.0
1629116715.4066784,0.8,-1.0
1629116715.4169483,0.8,-1.0
1629116715.4271705,0.8,-1.0
1629116715.4373872,0.8,-1.0
1629116715.4476378,0.8,-1.0
1629116715.4578266,0.8,-1.0
1629116715.4680185,0.8,-1.0
1629116715.478172,0.8,-1.0
1629116715.4885132,0.8,-1.0
1629116715.4987733,0.8,-1.0
1629116715.5089273,0.8,-1.0
1629116715.519162,0.8,-1.0
1629116715.5293984,0.8,-1.0
1629116715.5396469,0.8,-1.0
1629116715.5498536,0.8,-1.0
1629116715.5602083,0.8,-1.0
1629116715.5704956,0.8,-1.0
1629116715.5807745,0.8,-1.0
1629116715.591142,0.8,-1.0
1629116715.6011908,0.8,-1.0
1629116715.611401,0.8,-1.0
1629116715.6218998,0.8,-1.0
1629116715.6319983,0.8,-1.0
1629116715.642225,0.8,-1.0
1629116715.652425,0.8,-1.0
1629116715.6626887,0.8,-1.0
1629116715.6729336,0.8,-1.0
1629116715.683094,0.8,-1.0
1629116715.6933053,0.8,-1.0
1629116715.70353,0.8,-1.0
1629116715.7136824,0.8,-1.0
1629116715.7239628,0.8,-1.0
1629116715.7342203,0.8,-1.0
1629116715.7444127,0.8,-1.0
1629116715.7547915,0.8,-1.0
1629116715.76492,0.8,-1.0
1629116715.7751725,0.8,-1.0
1629116715.7856545,0.8,-1.0
1629116715.7956586,0.8,-1.0
1629116715.805884,0.8,-1.0
1629116715.8161068,0.8,-1.0
1629116715.8264213,0.8,-1.0
1629116715.836604,0.8,-1.0
1629116715.8468544,0.8,-1.0
1629116715.8571017,0.8,-1.0
1629116715.8673267,0.8,-1.0
1629116715.877622,0.8,-1.0
1629116715.8879318,0.8,-1.0
1629116715.8982127,0.8,-1.0
1629116715.9083688,0.8,-1.0
1629116715.9187696,0.8,-1.0
1629116715.9289305,0.8,-1.0
1629116715.939047,0.8,-1.0
1629116715.9494247,0.8,-1.0
1629116715.959561,0.8,-1.0
1629116715.9697192,0.8,-1.0
1629116715.980076,0.8,-1.0
1629116715.9902754,0.8,-1.0
1629116716.0005062,0.8,-1.0
1629116716.0107508,0.8,-1.0
1629116716.020904,0.8,-1.0
1629116716.03136,0.8,-1.0
1629116716.0416553,0.8,-1.0
1629116716.0518188,0.8,-1.0
1629116716.0619922,0.8,-1.0
1629116716.072302,0.8,-1.0
1629116716.0825622,0.8,-1.0
1629116716.092716,0.8,-1.0
1629116716.1030045,0.8,-1.0
1629116716.1131747,0.8,-1.0
1629116716.1234145,0.8,-1.0
1629116716.133805,0.8,-1.0
1629116716.1440473,0.8,-1.0
1629116716.154222,0.8,-1.0
1629116716.1643493,0.8,-1.0
1629116716.1746745,0.8,-1.0
1629116716.184964,0.8,-1.0
1629116716.195143,0.8,-1.0
1629116716.2053761,0.8,-1.0
1629116716.2156227,0.8,-1.0
1629116716.2258337,0.8,-1.0
1629116716.23616,0.8,-1.0
1629116716.246292,0.8,-1.0
1629116716.2565112,0.8,-1.0
1629116716.2668505,0.8,-1.0
1629116716.2770574,0.8,-1.0
1629116716.2873256,0.8,-1.0
1629116716.2976794,0.8,-1.0
1629116716.3079588,0.8,-1.0
1629116716.3182187,0.8,-1.0
1629116716.3285842,0.8,-1.0
1629116716.338751,0.8,-1.0
1629116716.3490446,0.8,-1.0
1629116716.3593054,0.8,-1.0
1629116716.3695908,0.8,-1.0
1629116716.3797872,0.8,-1.0
1629116716.3900986,0.8,-1.0
1629116716.4003026,0.8,-1.0
1629116716.4105384,0.8,-1.0
1629116716.4207804,0.8,-1.0
1629116716.4310105,0.8,-1.0
1629116716.441203,0.8,-1.0
1629116716.451415,0.8,-1.0
1629116716.461671,0.8,-1.0
1629116716.471883,0.8,-1.0
1629116716.4820065,0.8,-1.0
1629116716.4923387,0.8,-1.0
1629116716.502592,0.8,-1.0
1629116716.5126753,0.8,-1.0
1629116716.5229816,0.8,-1.0
1629116716.5332513,0.8,-1.0
1629116716.5434463,0.8,-1.0
1629116716.5535715,0.8,-1.0
1629116716.5639439,0.8,-1.0
1629116716.5740511,0.8,-1.0
1629116716.5844297,0.8,-1.0
1629116716.594542,0.8,-1.0
1629116716.6047492,0.8,-1.0
1629116716.615022,0.8,-1.0
1629116716.6253633,0.8,-1.0
1629116716.6355157,0.8,-1.0
1629116716.6458132,0.8,-1.0
1629116716.6560423,0.8,-1.0
1629116716.6661959,0.8,-1.0
1629116716.6764717,0.8,-1.0
1629116716.6866968,0.8,-1.0
1629116716.6968834,0.8,-1.0
1629116716.7070582,0.8,-1.0
1629116716.7173407,0.8,-1.0
1629116716.727589,0.8,-1.0
1629116716.7377834,0.8,-1.0
1629116716.7481456,0.8,-1.0
1629116716.7584717,0.8,-1.0
1629116716.7686665,0.8,-1.0
1629116716.778891,0.8,-1.0
1629116716.7894812,0.8,-1.0
1629116716.7991965,0.8,-1.0
1629116716.809445,0.8,-1.0
1629116716.8196397,0.8,-1.0
1629116716.8299341,0.8,-1.0
1629116716.8402677,0.8,-1.0
1629116716.8504963,0.8,-1.0
1629116716.8607316,0.8,-1.0
1629116716.8709984,0.8,-1.0
1629116716.8811624,0.8,-1.0
1629116716.8913865,0.8,-1.0
1629116716.9016798,0.8,-1.0
1629116716.911852,0.8,-1.0
1629116716.922181,0.8,-1.0
1629116716.9324675,0.8,-1.0
1629116716.9427373,0.8,-1.0
1629116716.9529352,0.8,-1.0
1629116716.9631085,0.8,-1.0
1629116716.973362,0.8,-1.0
1629116716.9836419,0.8,-1.0
1629116716.9937928,0.8,-1.0
1629116717.0040522,0.8,-1.0
1629116717.0142922,0.8,-1.0
1629116717.0246317,0.8,-1.0
1629116717.034861,0.8,-1.0
1629116717.0450773,0.8,-1.0
1629116717.0552015,0.8,-1.0
1629116717.065508,0.8,-1.0
1629116717.0758731,0.8,-1.0
1629116717.0858843,0.8,-1.0
1629116717.0963676,0.8,-1.0
1629116717.1065376,0.8,-1.0
1629116717.1166658,0.8,-1.0
1629116717.1269557,0.8,-1.0
1629116717.1373005,0.8,-1.0
1629116717.1475031,0.8,-1.0
1629116717.157787,0.8,-1.0
1629116717.1680439,0.8,-1.0
1629116717.1782346,0.8,-1.0
1629116717.1884763,0.8,-1.0
1629116717.1987133,0.8,-1.0
1629116717.2088559,0.8,-1.0
1629116717.219095,0.8,-1.0
1629116717.2293684,0.8,-1.0
1629116717.2395115,0.8,-1.0
1629116717.2497747,0.8,-1.0
1629116717.2600293,0.8,-1.0
1629116717.2702386,0.8,-1.0
1629116717.2803833,0.8,-1.0
1629116717.2906168,0.8,-1.0
1629116717.3007479,0.8,-1.0
1629116717.3111982,0.8,-1.0
1629116717.3214366,0.8,-1.0
1629116717.331636,0.8,-1.0
1629116717.3417761,0.8,-1.0
1629116717.3521626,0.8,-1.0
1629116717.3624046,0.8,-1.0
1629116717.3725863,0.8,-1.0
1629116717.382863,0.8,-1.0
1629116717.3933065,0.8,-1.0
1629116717.403216,0.8,-1.0
1629116717.4135144,0.8,-1.0
1629116717.4236588,0.8,-1.0
1629116717.43393,0.8,-1.0
1629116717.4443038,0.8,-1.0
1629116717.4545758,0.8,-1.0
1629116717.4648025,0.8,-1.0
1629116717.4750867,0.8,-1.0
1629116717.4853287,0.8,-1.0
1629116717.49556,0.8,-1.0
1629116717.5057063,0.8,-1.0
1629116717.5159597,0.8,-1.0
1629116717.5262203,0.8,-1.0
1629116717.536458,0.8,-1.0
1629116717.5467026,0.8,-1.0
1629116717.5568984,0.8,-1.0
1629116717.5670335,0.8,-1.0
1629116717.5773063,0.8,-1.0
1629116717.5875096,0.8,-1.0
1629116717.5977175,0.8,-1.0
1629116717.6079464,0.8,-1.0
1629116717.6181736,0.8,-1.0
1629116717.6283062,0.8,-1.0
1629116717.6385722,0.8,-1.0
1629116717.6486335,0.8,-1.0
1629116717.6588597,0.8,-1.0
1629116717.6690776,0.8,-1.0
1629116717.6793118,0.8,-1.0
1629116717.6895404,0.8,-1.0
1629116717.6997168,0.8,-1.0
1629116717.710023,0.8,-1.0
1629116717.720131,0.8,-1.0
1629116717.7304478,0.8,-1.0
1629116717.7408242,0.8,-1.0
1629116717.7509532,0.8,-1.0
1629116717.7613397,0.8,-1.0
1629116717.7716641,0.8,-1.0
1629116717.781857,0.8,-1.0
1629116717.7920554,0.8,-1.0
1629116717.8022907,0.8,-1.0
1629116717.8124793,0.8,-1.0
1629116717.8228161,0.8,-1.0
1629116717.8330615,0.8,-1.0
1629116717.843358,0.8,-1.0
1629116717.8535564,0.8,-1.0
1629116717.8638809,0.8,-1.0
1629116717.8741913,0.8,-1.0
1629116717.8844151,0.8,-1.0
1629116717.8946497,0.8,-1.0
1629116717.9049492,0.8,-1.0
1629116717.9151633,0.8,-1.0
1629116717.9254272,0.8,-1.0
1629116717.9356527,0.8,-1.0
1629116717.945769,0.8,-1.0
1629116717.9560034,0.8,-1.0
1629116717.9662716,0.8,-1.0
1629116717.9764407,0.8,-1.0
1629116717.9866638,0.8,-1.0
1629116717.9969842,0.8,-1.0
1629116718.007116,0.8,-1.0
1629116718.0172393,0.8,-1.0
1629116718.0275414,0.8,-1.0
1629116718.0377746,0.8,-1.0
1629116718.0479698,0.8,-1.0
1629116718.0583043,0.8,-1.0
1629116718.068576,0.8,-1.0
1629116718.0788655,0.8,-1.0
1629116718.0891376,0.8,-1.0
1629116718.0994651,0.8,-1.0
1629116718.1095536,0.8,-1.0
1629116718.1198936,0.8,-1.0
1629116718.130104,0.8,-1.0
1629116718.1402864,0.8,-1.0
1629116718.150559,0.8,-1.0
1629116718.1608126,0.8,-1.0
1629116718.1710467,0.8,-1.0
1629116718.1813076,0.8,-1.0
1629116718.1914635,0.8,-1.0
1629116718.2016451,0.8,-1.0
1629116718.2117906,0.8,-1.0
1629116718.222119,0.8,-1.0
1629116718.232304,0.8,-1.0
1629116718.2425878,0.8,-1.0
1629116718.2528179,0.8,-1.0
1629116718.2630153,0.8,-1.0
1629116718.2732508,0.8,-1.0
1629116718.2835605,0.8,-1.0
1629116718.2938178,0.8,-1.0
1629116718.3040123,0.8,-1.0
1629116718.3142521,0.8,-1.0
1629116718.3246758,0.8,-1.0
1629116718.334857,0.8,-1.0
1629116718.3451638,0.8,-1.0
1629116718.3553188,0.8,-1.0
1629116718.3655252,0.8,-1.0
1629116718.3758805,0.8,-1.0
1629116718.3858895,0.8,-1.0
1629116718.3961396,0.8,-1.0
1629116718.4065986,0.8,-1.0
1629116718.4166439,0.8,-1.0
1629116718.4268758,0.8,-1.0
1629116718.4371219,0.8,-1.0
1629116718.4474866,0.8,-1.0
1629116718.4575021,0.8,-1.0
1629116718.4677963,0.8,-1.0
1629116718.4779944,0.8,-1.0
1629116718.4881914,0.8,-1.0
1629116718.498418,0.8,-1.0
1629116718.508861,0.8,-1.0
1629116718.5190873,0.8,-1.0
1629116718.529168,0.8,-1.0
1629116718.5395415,0.8,-1.0
1629116718.5497756,0.8,-1.0
1629116718.559989,0.8,-1.0
1629116718.570401,0.8,-1.0
1629116718.58068,0.8,-1.0
1629116718.5908818,0.8,-1.0
1629116718.601154,0.8,-1.0
1629116718.6113033,0.8,-1.0
1629116718.6215518,0.8,-1.0
1629116718.6327033,0.8,-1.0
1629116718.6420584,0.8,-1.0
1629116718.6522977,0.8,-1.0
1629116718.6625128,0.8,-1.0
1629116718.6727064,0.8,-1.0
1629116718.682872,0.8,-1.0
1629116718.6931627,0.8,-1.0
1629116718.7033055,0.8,-1.0
1629116718.7134717,0.8,-1.0
1629116718.7235959,0.8,-1.0
1629116718.7338219,0.8,-1.0
1629116718.744077,0.8,-1.0
1629116718.754288,0.8,-1.0
1629116718.7646542,0.8,-1.0
1629116718.7747533,0.8,-1.0
1629116718.7849376,0.8,-1.0
1629116718.7951903,0.8,-1.0
1629116718.8053942,0.8,-1.0
1629116718.8155642,0.8,-1.0
1629116718.825862,0.8,-1.0
1629116718.8361037,0.8,-1.0
1629116718.8462083,0.8,-1.0
1629116718.8564315,0.8,-1.0
1629116718.866822,0.8,-1.0
1629116718.8768663,0.8,-1.0
1629116718.8872168,0.8,-1.0
1629116718.897447,0.8,-1.0
1629116718.9076161,0.8,-1.0
1629116718.9178882,0.8,-1.0
1629116718.928202,0.8,-1.0
1629116718.9384112,0.8,-1.0
1629116718.9486477,0.8,-1.0
1629116718.9588237,0.8,-1.0
1629116718.9691,0.8,-1.0
1629116718.9793382,0.8,-1.0
1629116718.9896305,0.8,-1.0
1629116718.999912,0.8,-1.0
1629116719.0100186,0.8,-1.0
1629116719.0203173,0.8,-1.0
1629116719.030585,0.8,-1.0
1629116719.0406888,0.8,-1.0
1629116719.0510788,0.8,-1.0
1629116719.0612226,0.8,-1.0
1629116719.0714347,0.8,-1.0
1629116719.081827,0.8,-0.31303472938738464
1629116719.0920348,0.8,-0.31303472938738464
1629116719.102228,0.8,-0.31303472938738464
1629116719.1125703,0.8,-0.31303472938738464
1629116719.1228328,0.8,-0.31303472938738464
1629116719.133056,0.8,-0.31303472938738464
1629116719.143321,0.8,-0.31303472938738464
1629116719.153592,0.8,-0.31303472938738464
1629116719.1638143,0.8,-0.31303472938738464
1629116719.1739604,0.8,-0.31303472938738464
1629116719.1842215,0.8,-0.31303472938738464
1629116719.1944556,0.8,-0.31303472938738464
1629116719.2046664,0.8,-0.31303472938738464
1629116719.2149088,0.8,-0.31303472938738464
1629116719.2250705,0.8,-0.31303472938738464
1629116719.235327,0.8,-0.31303472938738464
1629116719.2456388,0.8,-0.31303472938738464
1629116719.255785,0.8,-0.31303472938738464
1629116719.2660658,0.8,-0.31303472938738464
1629116719.2762854,0.8,-0.31303472938738464
1629116719.2865644,0.8,-0.31303472938738464
1629116719.2968488,0.8,-0.31303472938738464
1629116719.3072062,0.8,-0.31303472938738464
1629116719.3174903,0.8,-0.31303472938738464
1629116719.3276985,0.8,-0.31303472938738464
1629116719.3378623,0.8,-0.31303472938738464
1629116719.3481338,0.8,-0.31303472938738464
1629116719.3582509,0.8,-0.31303472938738464
1629116719.3684201,0.8,-0.31303472938738464
1629116719.378683,0.8,-0.31303472938738464
1629116719.3889165,0.8,-0.31303472938738464
1629116719.3991969,0.8,-0.31303472938738464
1629116719.4093766,0.8,-0.31303472938738464
1629116719.4195645,0.8,-0.31303472938738464
1629116719.4299705,0.8,-0.31303472938738464
1629116719.4402769,0.8,-0.31303472938738464
1629116719.4504657,0.8,-0.31303472938738464
1629116719.4606173,0.8,-0.31303472938738464
1629116719.4710088,0.8,-0.31303472938738464
1629116719.4812322,0.8,-0.31303472938738464
1629116719.4914885,0.8,-0.31303472938738464
1629116719.5017502,0.8,-0.31303472938738464
1629116719.5119698,0.8,-0.31303472938738464
1629116719.5222673,0.8,-0.31303472938738464
1629116719.5325541,0.8,-0.31303472938738464
1629116719.5427432,0.8,-0.31303472938738464
1629116719.553008,0.8,-0.31303472938738464
1629116719.563285,0.8,-0.31303472938738464
1629116719.5735376,0.8,-0.31303472938738464
1629116719.583784,0.8,-0.31303472938738464
1629116719.5938814,0.8,-0.31303472938738464
1629116719.6040199,0.8,-0.31303472938738464
1629116719.6143327,0.8,-0.31303472938738464
1629116719.6245537,0.8,-0.31303472938738464
1629116719.634688,0.8,-0.31303472938738464
1629116719.6449041,0.8,-0.31303472938738464
1629116719.655197,0.8,-0.31303472938738464
1629116719.665475,0.8,-0.31303472938738464
1629116719.6756759,0.8,-0.31303472938738464
1629116719.6860886,0.8,-0.31303472938738464
1629116719.6962602,0.8,-0.31303472938738464
1629116719.706569,0.8,-0.31303472938738464
1629116719.7167156,0.8,-0.31303472938738464
1629116719.7269669,0.8,-0.31303472938738464
1629116719.737141,0.8,-0.31303472938738464
1629116719.7472725,0.8,-0.31303472938738464
1629116719.7575834,0.8,-0.31303472938738464
1629116719.767757,0.8,-0.31303472938738464
1629116719.7780507,0.8,-0.31303472938738464
1629116719.7882535,0.8,-0.31303472938738464
1629116719.7984827,0.8,-0.31303472938738464
1629116719.8087242,0.8,-0.31303472938738464
1629116719.81895,0.8,-0.31303472938738464
1629116719.8291497,0.8,-0.31303472938738464
1629116719.8393457,0.8,-0.31303472938738464
1629116719.8495946,0.8,-0.31303472938738464
1629116719.8597672,0.8,-0.31303472938738464
1629116719.869965,0.8,-0.31303472938738464
1629116719.880224,0.8,-0.31303472938738464
1629116719.8906202,0.8,-0.31303472938738464
1629116719.9007418,0.8,-0.31303472938738464
1629116719.911191,0.8,-0.31303472938738464
1629116719.9211905,0.8,-0.31303472938738464
1629116719.9314187,0.8,-0.31303472938738464
1629116719.9417198,0.8,-0.31303472938738464
1629116719.9520025,0.8,-0.31303472938738464
1629116719.962315,0.8,-0.31303472938738464
1629116719.9726143,0.8,-0.31303472938738464
1629116719.9828901,0.8,-0.31303472938738464
1629116719.9930773,0.8,-0.31303472938738464
1629116720.003314,0.8,-0.31303472938738464
1629116720.0135553,0.793238393307105,-0.1884189659622734
1629116720.0237646,0.793238393307105,-0.1884189659622734
1629116720.034165,0.793238393307105,-0.1884189659622734
1629116720.044381,0.793238393307105,-0.1884189659622734
1629116720.054541,0.793238393307105,-0.1884189659622734
1629116720.064761,0.793238393307105,-0.1884189659622734
1629116720.0751195,0.793238393307105,-0.1884189659622734
1629116720.0853481,0.793238393307105,-0.1884189659622734
1629116720.0956078,0.793238393307105,-0.1884189659622734
1629116720.105828,0.793238393307105,-0.1884189659622734
1629116720.1160593,0.793238393307105,-0.1884189659622734
1629116720.1263154,0.793238393307105,-0.1884189659622734
1629116720.1366422,0.793238393307105,-0.1884189659622734
1629116720.1468525,0.793238393307105,-0.1884189659622734
1629116720.1570477,0.793238393307105,-0.1884189659622734
1629116720.1674402,0.793238393307105,-0.1884189659622734
1629116720.1775668,0.793238393307105,-0.1884189659622734
1629116720.187917,0.793238393307105,-0.1884189659622734
1629116720.1982024,0.793238393307105,-0.1884189659622734
1629116720.208569,0.793238393307105,-0.1884189659622734
1629116720.2186806,0.793238393307105,-0.1884189659622734
1629116720.2289572,0.793238393307105,-0.1884189659622734
1629116720.2392004,0.793238393307105,-0.1884189659622734
1629116720.249431,0.793238393307105,-0.1884189659622734
1629116720.2596354,0.793238393307105,-0.1884189659622734
1629116720.2698839,0.793238393307105,-0.1884189659622734
1629116720.2801435,0.793238393307105,-0.1884189659622734
1629116720.2903066,0.793238393307105,-0.1884189659622734
1629116720.3005598,0.793238393307105,-0.1884189659622734
1629116720.3106928,0.793238393307105,-0.1884189659622734
1629116720.32095,0.793238393307105,-0.1884189659622734
1629116720.3313444,0.793238393307105,-0.1884189659622734
1629116720.3416226,0.793238393307105,-0.1884189659622734
1629116720.3516223,0.793238393307105,-0.1884189659622734
1629116720.3618488,0.793238393307105,-0.1884189659622734
1629116720.3720655,0.793238393307105,-0.1884189659622734
1629116720.3823762,0.793238393307105,-0.1884189659622734
1629116720.3925984,0.793238393307105,-0.1884189659622734
1629116720.4027941,0.793238393307105,-0.1884189659622734
1629116720.412976,0.793238393307105,-0.1884189659622734
1629116720.4234412,0.793238393307105,-0.1884189659622734
1629116720.4335644,0.793238393307105,-0.1884189659622734
1629116720.4437737,0.793238393307105,-0.1884189659622734
1629116720.45399,0.793238393307105,-0.1884189659622734
1629116720.4642668,0.793238393307105,-0.1884189659622734
1629116720.4745824,0.793238393307105,-0.1884189659622734
1629116720.484835,0.793238393307105,-0.1884189659622734
1629116720.495111,0.793238393307105,-0.1884189659622734
1629116720.5052667,0.793238393307105,-0.1884189659622734
1629116720.5154638,0.793238393307105,-0.1884189659622734
1629116720.5258315,0.793238393307105,-0.1884189659622734
1629116720.535928,0.793238393307105,-0.1884189659622734
1629116720.5461528,0.793238393307105,-0.1884189659622734
1629116720.5564637,0.793238393307105,-0.1884189659622734
1629116720.5667396,0.793238393307105,-0.1884189659622734
1629116720.576915,0.793238393307105,-0.1884189659622734
1629116720.5871894,0.793238393307105,-0.1884189659622734
1629116720.5976067,0.793238393307105,-0.1884189659622734
1629116720.60784,0.793238393307105,-0.1884189659622734
1629116720.6181228,0.793238393307105,-0.1884189659622734
1629116720.628381,0.793238393307105,-0.1884189659622734
1629116720.6384676,0.793238393307105,-0.1884189659622734
1629116720.6486995,0.793238393307105,-0.1884189659622734
1629116720.658853,0.793238393307105,-0.1884189659622734
1629116720.669119,0.793238393307105,-0.1884189659622734
1629116720.6793175,0.793238393307105,-0.1884189659622734
1629116720.6895707,0.793238393307105,-0.1884189659622734
1629116720.6997952,0.793238393307105,-0.1884189659622734
1629116720.710006,0.793238393307105,-0.1884189659622734
1629116720.720215,0.793238393307105,-0.1884189659622734
1629116720.7304783,0.793238393307105,-0.1884189659622734
1629116720.740715,0.793238393307105,-0.1884189659622734
1629116720.7509544,0.793238393307105,-0.1884189659622734
1629116720.76115,0.793238393307105,-0.1884189659622734
1629116720.7713492,0.793238393307105,-0.1884189659622734
1629116720.7815232,0.793238393307105,-0.1884189659622734
1629116720.7917504,0.793238393307105,-0.1884189659622734
1629116720.8019729,0.793238393307105,-0.1884189659622734
1629116720.8122702,0.793238393307105,-0.1884189659622734
1629116720.8223498,0.793238393307105,-0.1884189659622734
1629116720.8325055,0.793238393307105,-0.1884189659622734
1629116720.8427558,0.793238393307105,-0.1884189659622734
1629116720.852956,0.793238393307105,-0.1884189659622734
1629116720.8632398,0.793238393307105,-0.1884189659622734
1629116720.8735836,0.793238393307105,-0.1884189659622734
1629116720.8837912,0.793238393307105,-0.1884189659622734
1629116720.893923,0.793238393307105,-0.1884189659622734
1629116720.9041731,0.793238393307105,-0.1884189659622734
1629116720.914489,0.793238393307105,-0.1884189659622734
1629116720.9247236,0.793238393307105,-0.1884189659622734
1629116720.935029,0.793238393307105,-0.1884189659622734
1629116720.945119,0.793238393307105,-0.1884189659622734
1629116720.9553566,0.793238393307105,-0.1884189659622734
1629116720.9655492,0.793238393307105,-0.1884189659622734
1629116720.9758651,0.793238393307105,-0.1884189659622734
1629116720.9861062,0.793238393307105,-0.1884189659622734
1629116720.996431,0.793238393307105,-0.1884189659622734
1629116721.0065866,0.793238393307105,-0.1884189659622734
1629116721.016753,0.793238393307105,-0.1884189659622734
1629116721.026978,0.793238393307105,-0.1884189659622734
1629116721.0373337,0.793238393307105,-0.1884189659622734
1629116721.0475872,0.793238393307105,-0.1884189659622734
1629116721.0578043,0.793238393307105,-0.1884189659622734
1629116721.068153,0.793238393307105,-0.1884189659622734
1629116721.0783849,0.793238393307105,-0.1884189659622734
1629116721.0886068,0.793238393307105,-0.1884189659622734
1629116721.0987709,0.793238393307105,-0.1884189659622734
1629116721.1089606,0.793238393307105,-0.1884189659622734
1629116721.1191487,0.793238393307105,-0.1884189659622734
1629116721.1293824,0.793238393307105,-0.1884189659622734
1629116721.1396136,0.793238393307105,-0.1884189659622734
1629116721.1498487,0.793238393307105,-0.1884189659622734
1629116721.1601465,0.793238393307105,-0.1884189659622734
1629116721.1702876,0.793238393307105,-0.1884189659622734
1629116721.18057,0.793238393307105,-0.1884189659622734
1629116721.190827,0.793238393307105,-0.1884189659622734
1629116721.201099,0.793238393307105,-0.1884189659622734
1629116721.211274,0.793238393307105,-0.1884189659622734
1629116721.2215166,0.793238393307105,-0.1884189659622734
1629116721.2318597,0.793238393307105,-0.1884189659622734
1629116721.2420866,0.793238393307105,-0.1884189659622734
1629116721.2523046,0.793238393307105,-0.1884189659622734
1629116721.26248,0.793238393307105,-0.1884189659622734
1629116721.27295,0.793238393307105,-0.1884189659622734
1629116721.2831135,0.793238393307105,-0.1884189659622734
1629116721.2933316,0.793238393307105,-0.1884189659622734
1629116721.3035696,0.793238393307105,-0.1884189659622734
1629116721.313744,0.793238393307105,-0.1884189659622734
1629116721.324097,0.793238393307105,-0.1884189659622734
1629116721.3342896,0.793238393307105,-0.1884189659622734
1629116721.3444686,0.793238393307105,-0.1884189659622734
1629116721.3547947,0.793238393307105,-0.1884189659622734
1629116721.365005,0.793238393307105,-0.1884189659622734
1629116721.3752542,0.793238393307105,-0.1884189659622734
1629116721.3855147,0.793238393307105,-0.1884189659622734
1629116721.3956795,0.793238393307105,-0.1884189659622734
1629116721.4057963,0.793238393307105,-0.1884189659622734
1629116721.4160645,0.793238393307105,-0.1884189659622734
1629116721.426307,0.793238393307105,-0.1884189659622734
1629116721.4363697,0.793238393307105,-0.1884189659622734
1629116721.4467163,0.793238393307105,-0.1884189659622734
1629116721.456957,0.793238393307105,-0.1884189659622734
1629116721.4671981,0.793238393307105,-0.1884189659622734
1629116721.4776192,0.793238393307105,-0.1884189659622734
1629116721.4878,0.793238393307105,-0.1884189659622734
1629116721.4980993,0.793238393307105,-0.1884189659622734
1629116721.5082045,0.793238393307105,-0.1884189659622734
1629116721.5183752,0.793238393307105,-0.1884189659622734
1629116721.528694,0.793238393307105,-0.1884189659622734
1629116721.5388846,0.793238393307105,-0.1884189659622734
1629116721.549131,0.793238393307105,-0.1884189659622734
1629116721.5593398,0.793238393307105,-0.1884189659622734
1629116721.569489,0.793238393307105,-0.1884189659622734
1629116721.579681,0.793238393307105,-0.1884189659622734
1629116721.5899844,0.793238393307105,-0.1884189659622734
1629116721.6002138,0.793238393307105,-0.1884189659622734
1629116721.6137323,0.793238393307105,-0.1884189659622734
1629116721.6206293,0.793238393307105,-0.1884189659622734
1629116721.6308804,0.793238393307105,-0.1884189659622734
1629116721.641033,0.793238393307105,-0.1884189659622734
1629116721.6512127,0.793238393307105,-0.1884189659622734
1629116721.6614292,0.793238393307105,-0.1884189659622734
1629116721.671665,0.793238393307105,-0.1884189659622734
1629116721.6819363,0.793238393307105,-0.1884189659622734
1629116721.6922028,0.793238393307105,-0.1884189659622734
1629116721.7023823,0.793238393307105,-0.1884189659622734
1629116721.7126079,0.793238393307105,-0.1884189659622734
1629116721.7228456,0.793238393307105,-0.1884189659622734
1629116721.733055,0.793238393307105,-0.1884189659622734
1629116721.7431579,0.793238393307105,-0.1884189659622734
1629116721.7533922,0.793238393307105,-0.1884189659622734
1629116721.7635639,0.793238393307105,-0.1884189659622734
1629116721.773838,0.793238393307105,-0.1884189659622734
1629116721.7840335,0.793238393307105,-0.1884189659622734
1629116721.7942712,0.793238393307105,-0.1884189659622734
1629116721.8045464,0.8,-0.056634055767204615
1629116721.8148737,0.8,-0.056634055767204615
1629116721.8249843,0.8,-0.056634055767204615
1629116721.8353,0.8,-0.056634055767204615
1629116721.845485,0.8,-0.056634055767204615
1629116721.855735,0.8,-0.056634055767204615
1629116721.8665836,0.8,-0.056634055767204615
1629116721.8761277,0.8,-0.01227516391878825
1629116721.8863788,0.8,-0.01227516391878825
1629116721.896657,0.8,-0.01227516391878825
1629116721.906897,0.8,-0.01227516391878825
1629116721.9170918,0.8,-0.01227516391878825
1629116721.9273274,0.8,-0.01227516391878825
1629116721.9378915,0.8,-0.01227516391878825
1629116721.948139,0.8,-0.01227516391878825
1629116721.958426,0.8,-0.01227516391878825
1629116721.9686315,0.8,-0.01227516391878825
1629116721.9788275,0.8,-0.01227516391878825
1629116721.9890156,0.8,-0.01227516391878825
1629116721.9991949,0.8,-0.01227516391878825
1629116722.0094159,0.8,-0.01227516391878825
1629116722.019672,0.8,-0.01227516391878825
1629116722.0299616,0.8,-0.01227516391878825
1629116722.0402255,0.8,-0.01227516391878825
1629116722.0505025,0.8,-0.01227516391878825
1629116722.0609572,0.8,-0.01227516391878825
1629116722.0711129,0.8,-0.01227516391878825
1629116722.081245,0.8,-0.01227516391878825
1629116722.0915773,0.8,-0.01227516391878825
1629116722.1017811,0.8,-0.01227516391878825
1629116722.1120508,0.8,-0.01227516391878825
1629116722.1224897,0.8,-0.01227516391878825
1629116722.132694,0.8,-0.01227516391878825
1629116722.1429415,0.8,-0.01227516391878825
1629116722.1532242,0.8,-0.01227516391878825
1629116722.163475,0.8,-0.01227516391878825
1629116722.1737006,0.8,-0.01227516391878825
1629116722.1839478,0.8,-0.01227516391878825
1629116722.1941605,0.8,-0.01227516391878825
1629116722.2043908,0.8,-0.01227516391878825
1629116722.2146442,0.8,-0.01227516391878825
1629116722.2250438,0.8,-0.01227516391878825
1629116722.2351289,0.8,-0.01227516391878825
1629116722.2453635,0.8,-0.01227516391878825
1629116722.255608,0.8,-0.01227516391878825
1629116722.2656965,0.8,-0.01227516391878825
1629116722.2759898,0.8,-0.01227516391878825
1629116722.2862773,0.8,-0.01227516391878825
1629116722.2964633,0.8,-0.01227516391878825
1629116722.3066828,0.8,-0.01227516391878825
1629116722.3168817,0.8,-0.01227516391878825
1629116722.3270595,0.8,-0.01227516391878825
1629116722.3372824,0.8,-0.01227516391878825
1629116722.347546,0.8,0.3716767017264441
1629116722.3576937,0.8,0.3716767017264441
1629116722.3679361,0.8,0.3716767017264441
1629116722.3781955,0.8,0.3716767017264441
1629116722.3884184,0.8,0.3716767017264441
1629116722.3986106,0.8,0.3716767017264441
1629116722.4089105,0.8,0.3716767017264441
1629116722.4192662,0.8,0.3716767017264441
1629116722.4293125,0.8,0.3716767017264441
1629116722.4396691,0.8,0.3716767017264441
1629116722.4499495,0.8,0.3716767017264441
1629116722.4600942,0.8,0.3716767017264441
1629116722.4704182,0.8,0.3716767017264441
1629116722.4806907,0.8,0.3716767017264441
1629116722.4907818,0.8,0.3716767017264441
1629116722.5009692,0.8,0.3716767017264441
1629116722.51124,0.8,0.3716767017264441
1629116722.5214622,0.8,0.3716767017264441
1629116722.531585,0.8,0.3716767017264441
1629116722.541891,0.8,0.3716767017264441
1629116722.5520878,0.8,0.3716767017264441
1629116722.5622046,0.8,0.3716767017264441
1629116722.5726302,0.8,0.3716767017264441
1629116722.5827055,0.8,0.3716767017264441
1629116722.592824,0.8,0.3716767017264441
1629116722.602981,0.8,0.3716767017264441
1629116722.6132917,0.8,0.3716767017264441
1629116722.6234527,0.8,0.3716767017264441
1629116722.633701,0.8,0.3716767017264441
1629116722.6438699,0.8,0.3716767017264441
1629116722.6541066,0.8,0.3716767017264441
1629116722.6642861,0.8,0.3716767017264441
1629116722.674499,0.8,0.3716767017264441
1629116722.6847262,0.8,0.3716767017264441
1629116722.6950483,0.8,0.3716767017264441
1629116722.7053084,0.8,0.3716767017264441
1629116722.7155879,0.8,0.3716767017264441
1629116722.7258778,0.8,0.3716767017264441
1629116722.7361004,0.8,0.3716767017264441
1629116722.7463822,0.8,0.3716767017264441
1629116722.7566724,0.8,0.3716767017264441
1629116722.7670467,0.8,0.3716767017264441
1629116722.7771409,0.8,0.3716767017264441
1629116722.7874467,0.8,0.3716767017264441
1629116722.7976592,0.8,0.3716767017264441
1629116722.8077893,0.8,0.3716767017264441
1629116722.8180296,0.8,0.3716767017264441
1629116722.8282049,0.8,0.3716767017264441
1629116722.838448,0.8,0.3716767017264441
1629116722.8487017,0.8,0.3716767017264441
1629116722.859013,0.8,0.3716767017264441
1629116722.8690999,0.8,0.3716767017264441
1629116722.8792522,0.8,0.3716767017264441
1629116722.8904665,0.8,0.3716767017264441
1629116722.9002404,0.8,0.3716767017264441
1629116722.9105072,0.8,0.3716767017264441
1629116722.9207082,0.8,0.3716767017264441
1629116722.9308496,0.8,0.3716767017264441
1629116722.94106,0.8,0.3716767017264441
1629116722.9512932,0.8,0.3716767017264441
1629116722.9615972,0.8,0.3716767017264441
1629116722.9718125,0.8,0.3716767017264441
1629116722.9820657,0.8,0.3716767017264441
1629116722.9923117,0.8,0.3716767017264441
1629116723.0025547,0.8,0.3716767017264441
1629116723.0129933,0.8,0.3716767017264441
1629116723.0234065,0.8,0.3716767017264441
1629116723.0333152,0.8,0.3716767017264441
1629116723.0434833,0.8,0.3716767017264441
1629116723.0537646,0.8,0.3716767017264441
1629116723.0639603,0.8,0.3716767017264441
1629116723.0741916,0.8,0.3716767017264441
1629116723.0844295,0.8,0.3716767017264441
1629116723.0945919,0.8,0.3716767017264441
1629116723.1048443,0.8,0.3716767017264441
1629116723.1151004,0.8,0.3716767017264441
1629116723.1254866,0.8,0.3716767017264441
1629116723.1356757,0.8,0.3716767017264441
1629116723.1459968,0.8,0.3716767017264441
1629116723.1565413,0.8,0.3716767017264441
1629116723.1666076,0.8,0.3716767017264441
1629116723.1767287,0.8,0.3716767017264441
1629116723.186915,0.8,0.3716767017264441
1629116723.197134,0.8,0.3716767017264441
1629116723.207378,0.8,0.3716767017264441
1629116723.2176218,0.8,0.3716767017264441
1629116723.2278295,0.8,0.3716767017264441
1629116723.2380934,0.8,0.3716767017264441
1629116723.2482965,0.8,0.3716767017264441
1629116723.258517,0.8,0.3716767017264441
1629116723.2687113,0.8,0.3716767017264441
1629116723.2789419,0.8,0.3716767017264441
1629116723.2891672,0.8,0.3716767017264441
1629116723.2993631,0.8,0.3716767017264441
1629116723.3096545,0.8,0.3716767017264441
1629116723.3198338,0.8,1.0
1629116723.3300958,0.8,1.0
1629116723.3404827,0.8,1.0
1629116723.3505054,0.8,1.0
1629116723.3607125,0.8,1.0
1629116723.370947,0.8,1.0
1629116723.3811715,0.8,1.0
1629116723.3912652,0.8,1.0
1629116723.4017532,0.8,1.0
1629116723.4119375,0.8,1.0
1629116723.42226,0.8,1.0
1629116723.4324758,0.8,1.0
1629116723.4426534,0.8,1.0
1629116723.4528558,0.8,1.0
1629116723.4631274,0.8,1.0
1629116723.4733992,0.8,1.0
1629116723.4836085,0.8,1.0
1629116723.493927,0.8,1.0
1629116723.50415,0.8,1.0
1629116723.5142639,0.8,1.0
1629116723.5246508,0.8,1.0
1629116723.5347395,0.8,1.0
1629116723.5448968,0.8,1.0
1629116723.555137,0.8,1.0
1629116723.565595,0.8,1.0
1629116723.5758934,0.8,1.0
1629116723.5860662,0.8,1.0
1629116723.5962963,0.8,1.0
1629116723.6066566,0.8,1.0
1629116723.621023,0.8,1.0
1629116723.6272244,0.8,1.0
1629116723.6373744,0.8,1.0
1629116723.6475422,0.8,1.0
1629116723.6578138,0.8,1.0
1629116723.6681094,0.8,1.0
1629116723.6782646,0.8,1.0
1629116723.6885521,0.8,1.0
1629116723.6988134,0.8,1.0
1629116723.70897,0.8,1.0
1629116723.7191668,0.8,1.0
1629116723.7294364,0.8,1.0
1629116723.7396986,0.8,1.0
1629116723.7499852,0.8,1.0
1629116723.7600827,0.8,1.0
1629116723.7703094,0.8,1.0
1629116723.7806451,0.8,1.0
1629116723.7908745,0.8,1.0
1629116723.8009193,0.8,1.0
1629116723.8111749,0.8,1.0
1629116723.8215833,0.8,1.0
1629116723.8315964,0.8,1.0
1629116723.8418758,0.8,1.0
1629116723.8521802,0.8,1.0
1629116723.8622916,0.8,1.0
1629116723.8725622,0.8,1.0
1629116723.883051,0.8,1.0
1629116723.8930976,0.8,1.0
1629116723.9033515,0.8,1.0
1629116723.9138432,0.8,1.0
1629116723.9239268,0.8,1.0
1629116723.9342024,0.8,1.0
1629116723.944477,0.8,1.0
1629116723.9547012,0.8,1.0
1629116723.965018,0.8,1.0
1629116723.9752378,0.8,1.0
1629116723.985495,0.8,1.0
1629116723.9957235,0.8,1.0
1629116724.0060184,0.8,1.0
1629116724.0173001,0.8,1.0
1629116724.026559,0.8,1.0
1629116724.0367813,0.8,1.0
1629116724.047029,0.8,1.0
1629116724.0572033,0.8,1.0
1629116724.0674102,0.8,1.0
1629116724.0776274,0.8,1.0
1629116724.0878172,0.8,1.0
1629116724.0979912,0.8,1.0
1629116724.1082377,0.8,1.0
1629116724.11851,0.8,1.0
1629116724.1287766,0.8,1.0
1629116724.1390338,0.8,1.0
1629116724.1492903,0.8,1.0
1629116724.1594005,0.8,1.0
1629116724.1698556,0.8,1.0
1629116724.1800928,0.8,1.0
1629116724.190505,0.8,1.0
1629116724.2006571,0.8,1.0
1629116724.2108989,0.8,1.0
1629116724.221115,0.8,1.0
1629116724.2314105,0.8,1.0
1629116724.2416446,0.8,1.0
1629116724.2518892,0.8,1.0
1629116724.2622392,0.8,1.0
1629116724.272532,0.8,1.0
1629116724.2827747,0.8,1.0
1629116724.2930758,0.8,1.0
1629116724.303426,0.8,1.0
1629116724.3135135,0.8,1.0
1629116724.323781,0.8,1.0
1629116724.3340673,0.8,1.0
1629116724.3443527,0.8,1.0
1629116724.35454,0.8,1.0
1629116724.3647919,0.7904177198439029,0.028286025746126656
1629116724.3751278,0.7904177198439029,0.028286025746126656
1629116724.3854415,0.7904177198439029,0.028286025746126656
1629116724.3957179,0.7904177198439029,0.028286025746126656
1629116724.4059894,0.7904177198439029,0.028286025746126656
1629116724.416324,0.7904177198439029,0.028286025746126656
1629116724.426548,0.7904177198439029,0.028286025746126656
1629116724.4367998,0.7904177198439029,0.028286025746126656
1629116724.4470863,0.7904177198439029,0.028286025746126656
1629116724.4574268,0.7904177198439029,0.028286025746126656
1629116724.4677098,0.7904177198439029,0.028286025746126656
1629116724.4779441,0.7904177198439029,0.028286025746126656
1629116724.4883265,0.7904177198439029,0.028286025746126656
1629116724.4985852,0.7904177198439029,0.028286025746126656
1629116724.5087676,0.7904177198439029,0.028286025746126656
1629116724.5190794,0.7904177198439029,0.028286025746126656
1629116724.529306,0.7904177198439029,0.028286025746126656
1629116724.5394719,0.7904177198439029,0.028286025746126656
1629116724.5497456,0.7904177198439029,0.028286025746126656
1629116724.5601268,0.7904177198439029,0.028286025746126656
1629116724.570395,0.7904177198439029,0.028286025746126656
1629116724.5806556,0.7904177198439029,0.028286025746126656
1629116724.5908558,0.7904177198439029,0.028286025746126656
1629116724.6010077,0.7904177198439029,0.028286025746126656
1629116724.611136,0.7904177198439029,0.028286025746126656
1629116724.6214888,0.7904177198439029,0.028286025746126656
1629116724.6315248,0.7904177198439029,0.028286025746126656
1629116724.6417544,0.794319928472907,-0.18761897874211206
1629116724.6519978,0.794319928472907,-0.18761897874211206
1629116724.6621914,0.794319928472907,-0.18761897874211206
1629116724.6723154,0.794319928472907,-0.18761897874211206
1629116724.6826203,0.794319928472907,-0.18761897874211206
1629116724.6928196,0.794319928472907,-0.18761897874211206
1629116724.7030258,0.794319928472907,-0.18761897874211206
1629116724.7133794,0.794319928472907,-0.18761897874211206
1629116724.7234714,0.794319928472907,-0.18761897874211206
1629116724.733691,0.794319928472907,-0.18761897874211206
1629116724.7439494,0.794319928472907,-0.18761897874211206
1629116724.7541182,0.794319928472907,-0.18761897874211206
1629116724.7643416,0.794319928472907,-0.18761897874211206
1629116724.7746534,0.794319928472907,-0.18761897874211206
1629116724.7848697,0.794319928472907,-0.18761897874211206
1629116724.7951095,0.794319928472907,-0.18761897874211206
1629116724.805423,0.794319928472907,-0.18761897874211206
1629116724.8156157,0.794319928472907,-0.18761897874211206
1629116724.8257666,0.794319928472907,-0.18761897874211206
1629116724.8359973,0.794319928472907,-0.18761897874211206
1629116724.846287,0.794319928472907,-0.18761897874211206
1629116724.856386,0.794319928472907,-0.18761897874211206
1629116724.866644,0.794319928472907,-0.18761897874211206
1629116724.8769379,0.794319928472907,-0.18761897874211206
1629116724.8870337,0.794319928472907,-0.18761897874211206
1629116724.8972075,0.794319928472907,-0.18761897874211206
1629116724.9076438,0.794319928472907,-0.18761897874211206
1629116724.9177115,0.794319928472907,-0.18761897874211206
1629116724.9279242,0.794319928472907,-0.18761897874211206
1629116724.9382036,0.794319928472907,-0.18761897874211206
1629116724.9483588,0.794319928472907,-0.18761897874211206
1629116724.9585202,0.794319928472907,-0.18761897874211206
1629116724.9686904,0.794319928472907,-0.18761897874211206
1629116724.9788966,0.794319928472907,-0.18761897874211206
1629116724.9892216,0.794319928472907,-0.18761897874211206
1629116724.9994648,0.794319928472907,-0.18761897874211206
1629116725.009714,0.794319928472907,-0.18761897874211206
1629116725.019957,0.794319928472907,-0.18761897874211206
1629116725.0335133,0.794319928472907,-0.18761897874211206
1629116725.043786,0.794319928472907,-0.18761897874211206
1629116725.054036,0.794319928472907,-0.18761897874211206
1629116725.0642326,0.794319928472907,-0.18761897874211206
1629116725.0744433,0.794319928472907,-0.18761897874211206
1629116725.0847218,0.794319928472907,-0.18761897874211206
1629116725.0949965,0.794319928472907,-0.18761897874211206
1629116725.10533,0.794319928472907,-0.18761897874211206
1629116725.115493,0.794319928472907,-0.18761897874211206
1629116725.1257684,0.794319928472907,-0.18761897874211206
1629116725.1359577,0.794319928472907,-0.18761897874211206
1629116725.1461043,0.794319928472907,-0.18761897874211206
1629116725.1563196,0.794319928472907,-0.18761897874211206
1629116725.1665328,0.794319928472907,-0.18761897874211206
1629116725.1767602,0.794319928472907,-0.18761897874211206
1629116725.186962,0.794319928472907,-0.18761897874211206
1629116725.1972075,0.794319928472907,-0.18761897874211206
1629116725.207477,0.794319928472907,-0.18761897874211206
1629116725.2176163,0.794319928472907,-0.18761897874211206
1629116725.2278783,0.794319928472907,-0.18761897874211206
1629116725.2380495,0.794319928472907,-0.18761897874211206
1629116725.2481608,0.794319928472907,-0.18761897874211206
1629116725.258437,0.794319928472907,-0.18761897874211206
1629116725.268734,0.794319928472907,-0.18761897874211206
1629116725.2789311,0.794319928472907,-0.18761897874211206
1629116725.2892833,0.794319928472907,-0.18761897874211206
1629116725.2993467,0.794319928472907,-0.18761897874211206
1629116725.3095877,0.794319928472907,-0.18761897874211206
1629116725.3197954,0.794319928472907,-0.18761897874211206
1629116725.3301616,0.794319928472907,-0.18761897874211206
1629116725.3403716,0.794319928472907,-0.18761897874211206
1629116725.3508759,0.794319928472907,-0.18761897874211206
1629116725.361234,0.794319928472907,-0.18761897874211206
1629116725.3715577,0.794319928472907,-0.18761897874211206
1629116725.381926,0.794319928472907,-0.18761897874211206
1629116725.3922865,0.794319928472907,-0.18761897874211206
1629116725.4025106,0.794319928472907,-0.18761897874211206
1629116725.4127796,0.794319928472907,-0.18761897874211206
1629116725.4230094,0.794319928472907,-0.18761897874211206
1629116725.4331055,0.794319928472907,-0.18761897874211206
1629116725.4432292,0.794319928472907,-0.18761897874211206
1629116725.4535027,0.794319928472907,-0.18761897874211206
1629116725.4637058,0.794319928472907,-0.18761897874211206
1629116725.4739213,0.794319928472907,-0.18761897874211206
1629116725.4841945,0.794319928472907,-0.18761897874211206
1629116725.494421,0.794319928472907,-0.18761897874211206
1629116725.5046601,0.794319928472907,-0.18761897874211206
1629116725.5148432,0.794319928472907,-0.18761897874211206
1629116725.5251412,0.794319928472907,-0.18761897874211206
1629116725.535229,0.794319928472907,-0.18761897874211206
1629116725.545502,0.794319928472907,-0.18761897874211206
1629116725.555701,0.794319928472907,-0.18761897874211206
1629116725.565839,0.794319928472907,-0.18761897874211206
1629116725.5767496,0.794319928472907,-0.18761897874211206
1629116725.5863106,0.794319928472907,-0.18761897874211206
1629116725.5965347,0.794319928472907,-0.18761897874211206
1629116725.6073635,0.794319928472907,-0.18761897874211206
1629116725.6170332,0.794319928472907,-0.18761897874211206
1629116725.6272418,0.794319928472907,-0.18761897874211206
1629116725.6374965,0.794319928472907,-0.18761897874211206
1629116725.6477277,0.794319928472907,-0.18761897874211206
1629116725.6579497,0.794319928472907,-0.18761897874211206
1629116725.6683283,0.794319928472907,-0.18761897874211206
1629116725.678722,0.794319928472907,-0.18761897874211206
1629116725.6889517,0.794319928472907,-0.18761897874211206
1629116725.6992002,0.794319928472907,-0.18761897874211206
1629116725.709583,0.794319928472907,-0.18761897874211206
1629116725.7195687,0.794319928472907,-0.18761897874211206
1629116725.7298112,0.794319928472907,-0.18761897874211206
1629116725.740198,0.794319928472907,-0.18761897874211206
1629116725.750435,0.794319928472907,-0.18761897874211206
1629116725.7606406,0.794319928472907,-0.18761897874211206
1629116725.770888,0.794319928472907,-0.18761897874211206
1629116725.7811632,0.794319928472907,-0.18761897874211206
1629116725.791353,0.794319928472907,-0.18761897874211206
1629116725.801674,0.794319928472907,-0.18761897874211206
1629116725.8120005,0.794319928472907,-0.18761897874211206
1629116725.8221757,0.794319928472907,-0.18761897874211206
1629116725.8324335,0.794319928472907,-0.18761897874211206
1629116725.8425152,0.794319928472907,-0.18761897874211206
1629116725.8527813,0.794319928472907,-0.18761897874211206
1629116725.863012,0.794319928472907,-0.18761897874211206
1629116725.8732526,0.794319928472907,-0.18761897874211206
1629116725.8833575,0.794319928472907,-0.18761897874211206
1629116725.8937113,0.794319928472907,-0.18761897874211206
1629116725.9039364,0.794319928472907,-0.18761897874211206
1629116725.914159,0.794319928472907,-0.18761897874211206
1629116725.924596,0.794319928472907,-0.18761897874211206
1629116725.9345896,0.794319928472907,-0.18761897874211206
1629116725.9448278,0.794319928472907,-0.18761897874211206
1629116725.9551105,0.794319928472907,-0.18761897874211206
1629116725.9654512,0.794319928472907,-0.18761897874211206
1629116725.9756582,0.794319928472907,-0.18761897874211206
1629116725.9857523,0.794319928472907,-0.18761897874211206
1629116725.9960241,0.794319928472907,-0.18761897874211206
1629116726.0062733,0.794319928472907,-0.18761897874211206
1629116726.016471,0.794319928472907,-0.18761897874211206
1629116726.026873,0.794319928472907,-0.18761897874211206
1629116726.0369475,0.794319928472907,-0.18761897874211206
1629116726.047162,0.794319928472907,-0.18761897874211206
1629116726.0576212,0.794319928472907,-0.18761897874211206
1629116726.067622,0.794319928472907,-0.18761897874211206
1629116726.0779042,0.794319928472907,-0.18761897874211206
1629116726.088162,0.794319928472907,-0.18761897874211206
1629116726.0983522,0.794319928472907,-0.18761897874211206
1629116726.108643,0.794319928472907,-0.18761897874211206
1629116726.1188781,-0.0017387812109723386,1.0
1629116726.1291685,-0.0017387812109723386,1.0
1629116726.1394885,-0.0017387812109723386,1.0
1629116726.1496034,-0.0017387812109723386,1.0
1629116726.159869,-0.0017387812109723386,1.0
1629116726.1701078,-0.0017387812109723386,1.0
1629116726.1803634,-0.0017387812109723386,1.0
1629116726.1905582,-0.0017387812109723386,1.0
1629116726.2006853,-0.0017387812109723386,1.0
1629116726.2109058,-0.0017387812109723386,1.0
1629116726.221181,-0.0017387812109723386,1.0
1629116726.2313979,-0.0017387812109723386,1.0
1629116726.241646,-0.0017387812109723386,1.0
1629116726.2518308,-0.0017387812109723386,1.0
1629116726.2620769,-0.0017387812109723386,1.0
1629116726.2722812,-0.0017387812109723386,1.0
1629116726.282499,-0.0017387812109723386,1.0
1629116726.2926643,-0.0017387812109723386,1.0
1629116726.3028681,-0.0017387812109723386,1.0
1629116726.3131618,-0.0017387812109723386,1.0
1629116726.323466,-0.0017387812109723386,1.0
1629116726.3335788,-0.0017387812109723386,1.0
1629116726.343856,-0.0017387812109723386,1.0
1629116726.3540535,-0.0017387812109723386,1.0
1629116726.3643258,-0.0017387812109723386,1.0
1629116726.3745983,-0.0017387812109723386,1.0
1629116726.3848207,-0.0017387812109723386,1.0
1629116726.3949704,-0.0017387812109723386,1.0
1629116726.405196,-0.0017387812109723386,1.0
1629116726.4156506,-0.0017387812109723386,1.0
1629116726.4260004,-0.0017387812109723386,1.0
1629116726.436263,-0.0017387812109723386,1.0
1629116726.4466052,-0.0017387812109723386,1.0
1629116726.4568057,-0.0017387812109723386,1.0
1629116726.4670548,-0.0017387812109723386,1.0
1629116726.4773033,-0.0017387812109723386,1.0
1629116726.4875157,-0.0017387812109723386,1.0
1629116726.4976585,-0.0017387812109723386,1.0
1629116726.507958,-0.0017387812109723386,1.0
1629116726.5181658,-0.0017387812109723386,1.0
1629116726.528333,-0.0017387812109723386,1.0
1629116726.538706,-0.0017387812109723386,1.0
1629116726.5489461,-0.0017387812109723386,1.0
1629116726.5591578,-0.0017387812109723386,1.0
1629116726.5693927,-0.0017387812109723386,1.0
1629116726.579649,-0.0017387812109723386,1.0
1629116726.589843,-0.0017387812109723386,1.0
1629116726.6001112,-0.0017387812109723386,1.0
1629116726.6103575,-0.0017387812109723386,1.0
1629116726.6205623,-0.0017387812109723386,1.0
1629116726.6308198,-0.0017387812109723386,1.0
1629116726.6410995,-0.0017387812109723386,1.0
1629116726.6513653,-0.0017387812109723386,1.0
1629116726.6616464,-0.0017387812109723386,1.0
1629116726.6736832,-0.0017387812109723386,1.0
1629116726.6819553,-0.0017387812109723386,1.0
1629116726.692214,-0.0017387812109723386,1.0
1629116726.702414,0.36871548817549665,0.1270802307656613
1629116726.7126904,0.36871548817549665,0.1270802307656613
1629116726.7229466,0.36871548817549665,0.1270802307656613
1629116726.7332354,0.36871548817549665,0.1270802307656613
1629116726.7435236,0.36871548817549665,0.1270802307656613
1629116726.7538207,0.36871548817549665,0.1270802307656613
1629116726.7639244,0.36871548817549665,0.1270802307656613
1629116726.7741342,0.36871548817549665,0.1270802307656613
1629116726.7843647,0.36871548817549665,0.1270802307656613
1629116726.7946718,0.36871548817549665,0.1270802307656613
1629116726.8049865,0.36871548817549665,0.1270802307656613
1629116726.8150806,0.36871548817549665,0.1270802307656613
1629116726.8252783,0.36871548817549665,0.1270802307656613
1629116726.8354123,0.36871548817549665,0.1270802307656613
1629116726.8456328,0.36871548817549665,0.1270802307656613
1629116726.8559477,0.36871548817549665,0.1270802307656613
1629116726.8660367,0.36871548817549665,0.1270802307656613
1629116726.876312,0.36871548817549665,0.1270802307656613
1629116726.886592,0.36871548817549665,0.1270802307656613
1629116726.8969004,0.36871548817549665,0.1270802307656613
1629116726.9071558,0.36871548817549665,0.1270802307656613
1629116726.9174376,0.36871548817549665,0.1270802307656613
1629116726.9276233,0.36871548817549665,0.1270802307656613
1629116726.9377785,0.36871548817549665,0.1270802307656613
1629116726.9479463,0.36871548817549665,0.1270802307656613
1629116726.9582644,0.36871548817549665,0.1270802307656613
1629116726.9684246,0.36871548817549665,0.1270802307656613
1629116726.978595,0.36871548817549665,0.1270802307656613
1629116726.98898,0.36871548817549665,0.1270802307656613
1629116726.9992101,0.36871548817549665,0.1270802307656613
1629116727.0094256,0.36871548817549665,0.1270802307656613
1629116727.0197704,0.36871548817549665,0.1270802307656613
1629116727.0299604,0.36871548817549665,0.1270802307656613
1629116727.0401483,0.36871548817549665,0.1270802307656613
1629116727.0503173,0.36871548817549665,0.1270802307656613
1629116727.0605168,0.36871548817549665,0.1270802307656613
1629116727.0707524,0.36871548817549665,0.1270802307656613
1629116727.0809455,0.36871548817549665,0.1270802307656613
1629116727.0911868,0.36871548817549665,0.1270802307656613
1629116727.1014843,0.36871548817549665,0.1270802307656613
1629116727.1116595,0.36871548817549665,0.1270802307656613
1629116727.1219382,0.36871548817549665,0.1270802307656613
1629116727.132081,0.36871548817549665,0.1270802307656613
1629116727.1423275,0.36871548817549665,0.1270802307656613
1629116727.1526318,0.36871548817549665,0.1270802307656613
