time,v,omega
1629116704.682198,0.0,0.0
1629116704.6964617,0.0,0.0
1629116704.7386863,0.0,0.0
1629116704.7866852,0.0,0.0
1629116704.8008173,0.0,0.0
1629116704.8477466,0.0,0.0
1629116704.904681,0.0,0.0
1629116704.9249616,0.0,0.0
1629116704.975204,0.0,0.0
1629116704.9944084,0.0,0.0
1629116705.064632,0.0,0.0
1629116705.1265385,0.0,0.0
1629116705.1511357,0.0,0.0
1629116705.19541,0.0,0.0
1629116705.2361379,0.0,0.0
1629116705.2849898,0.0,0.0
1629116705.330148,0.0,0.0
1629116705.344553,0.0,0.0
1629116705.396208,0.0,0.0
1629116705.4159677,0.0,0.0
1629116705.4693208,0.0,0.0
1629116705.4986057,0.0,0.0
1629116705.5502021,0.0,0.0
1629116705.5678868,0.0,0.0
1629116705.6176054,0.0,0.0
1629116705.641904,0.0,0.0
1629116705.6913145,0.0,0.0
1629116705.736425,0.0,0.0
1629116705.7553911,0.0,0.0
1629116705.8071353,0.0,0.0
1629116705.832443,0.0,0.0
1629116705.8879564,0.0,0.0
1629116705.9344015,0.0,0.0
1629116705.9839766,0.0,0.0
1629116706.027494,0.0,0.0
1629116706.048301,0.0,0.0
1629116706.0918887,0.0,0.0
1629116706.1138124,0.0,0.0
1629116706.1665146,0.0,0.0
1629116706.1946118,0.0,0.0
1629116706.24043,0.0,0.0
1629116706.2839036,0.0,0.0
1629116706.3033135,0.0,0.0
1629116706.346894,0.0,0.0
1629116706.3660777,0.0,0.0
1629116706.417488,0.0,0.0
1629116706.4618394,0.0,0.0
1629116706.4765491,0.0,0.0
1629116706.5354276,0.0,0.0
1629116706.6060574,0.0,0.0
1629116706.6571827,0.0,0.0
1629116706.6736903,0.0,0.0
1629116706.724838,0.0,0.0
1629116706.7594225,0.0,0.0
1629116706.8087475,0.0,0.0
1629116706.85221,0.0,0.0
1629116706.8695238,0.0,0.0
1629116706.9173248,0.0,0.0
1629116706.9618614,0.0,0.0
1629116707.0124712,0.0,0.0
1629116707.0359862,0.0,0.0
1629116707.0851731,0.0,0.0
1629116707.1302776,0.0,0.0
1629116707.1453836,0.0,0.0
1629116707.193242,0.0,0.0
1629116707.237094,0.0,0.0
1629116707.2874105,0.0,0.0
1629116707.3338206,0.0,0.0
1629116707.351582,0.0,0.0
1629116707.4062095,0.0,0.0
1629116707.4449155,0.0,0.0
1629116707.4977362,0.0,0.0
1629116707.5219963,0.0,0.0
1629116707.5722814,0.0,0.0
1629116707.6181138,0.0,0.0
1629116707.632593,0.0,0.0
1629116707.683351,0.0,0.0
1629116707.7232232,0.0,0.0
1629116707.7730525,0.0,0.0
1629116707.8119256,0.0,0.0
1629116707.863715,0.0,0.0
1629116707.909572,0.0,0.0
1629116707.9609659,0.0,0.0
1629116708.0069673,0.0,0.0
1629116708.028292,0.0,0.0
1629116708.073903,0.0,0.0
1629116708.0944793,0.0,0.0
1629116708.1447308,0.0,0.0
1629116708.1917815,0.0,0.0
1629116708.2069645,0.0,0.0
1629116708.2533028,0.0,0.0
1629116708.273345,0.0,0.0
1629116708.3187675,0.0,0.0
1629116708.3693404,0.0,0.0
1629116708.3841095,0.0,0.0
1629116708.4344983,0.0,0.0
1629116708.478318,0.0,0.0
1629116708.523622,0.0,0.0
1629116708.5686488,0.0,0.0
1629116708.58884,0.0,0.0
1629116708.6345577,0.0,0.0
1629116708.6609383,0.0,0.0
1629116708.705789,0.0,0.0
1629116708.7585735,0.0,0.0
1629116708.77332,0.0,0.0
1629116708.823662,0.0,0.0
1629116708.8659043,0.0,0.0
1629116708.9154825,0.0,0.0
1629116708.9580646,0.0,0.0
1629116709.0029373,0.0,0.0
1629116709.0527167,0.0,0.0
1629116709.0676715,0.0,0.0
1629116709.1179304,0.0,0.0
1629116709.1437488,0.0,0.0
1629116709.1953115,0.0,0.0
1629116709.236972,0.0,0.0
1629116709.2574265,0.0,0.0
1629116709.3083844,0.0,0.0
1629116709.323427,0.0,0.0
1629116709.374021,0.0,0.0
1629116709.421176,0.0,0.0
1629116709.4358225,0.0,0.0
1629116709.4892719,0.0,0.0
1629116709.5025644,0.0,0.0
1629116709.5545754,0.0,0.0
1629116709.601758,0.0,0.0
1629116709.617055,0.0,0.0
1629116709.6673307,0.0,0.0
1629116709.6876879,0.0,0.0
1629116709.7390194,0.0,0.0
1629116709.7727847,0.0,0.0
1629116709.8207753,0.0,0.0
1629116709.8464763,0.0,0.0
1629116709.8992007,0.0,0.0
1629116709.9443934,0.0,0.0
1629116709.9591815,0.0,0.0
1629116710.0098274,0.0,0.0
1629116710.03048,0.0,0.0
1629116710.0813177,0.0,0.0
1629116710.1278074,0.0,0.0
1629116710.1437657,0.0,0.0
1629116710.1922767,0.0,0.0
1629116710.2070363,0.0,0.0
1629116710.2552068,0.0,0.0
1629116710.2998044,0.0,0.0
1629116710.317294,0.0,0.0
1629116710.367208,0.0,0.0
1629116710.3932338,0.0,0.0
1629116710.4421024,0.0,0.0
1629116710.4899607,0.0,0.0
1629116710.504868,0.0,0.0
1629116710.5547662,0.0,0.0
1629116710.5718668,0.0,0.0
1629116710.62407,0.0,0.0
1629116710.672095,0.0,0.0
1629116710.722707,0.0,0.0
1629116710.7694077,0.0,0.0
1629116710.7824728,0.0,0.0
1629116710.8345222,0.0,0.0
1629116710.8648784,0.0,0.0
1629116710.950897,0.0,0.0
1629116710.9781532,0.0,0.0
1629116711.0299096,0.0,0.0
1629116711.0700772,0.0,0.0
1629116711.1197743,0.0,0.0
1629116711.164872,0.0,0.0
1629116711.1853006,0.0,0.0
1629116711.2303545,0.0,0.0
1629116711.246906,0.0,0.0
1629116711.2988331,0.0,0.0
1629116711.3436322,0.0,0.0
1629116711.3590686,0.0,0.0
1629116711.4111605,0.0,0.0
1629116711.4308877,0.0,0.0
1629116711.482551,0.0,0.0
1629116711.5080237,0.0,0.0
1629116711.557848,0.0,0.0
1629116711.6022246,0.0,0.0
1629116711.6177645,0.0,0.0
1629116711.6798332,0.0,0.0
1629116711.7470808,0.0,0.0
1629116711.8010764,0.0,0.0
1629116711.8158433,0.0,0.0
1629116711.8592658,0.0,0.0
1629116711.9123907,0.0,0.0
1629116711.9278145,0.0,0.0
1629116711.9754918,0.0,0.0
1629116712.0000849,0.0,0.0
1629116712.0447,0.0,0.0
1629116712.0918267,0.0,0.0
1629116712.1117938,0.0,0.0
1629116712.157246,0.0,0.0
1629116712.2035644,0.0,0.0
1629116712.223874,0.0,0.0
1629116712.2687044,0.0,0.0
1629116712.3118398,0.0,0.0
1629116712.3322318,0.0,0.0
1629116712.375619,0.0,0.0
1629116712.4224155,0.0,0.0
1629116712.4375443,0.0,0.0
1629116712.4825432,0.0,0.0
1629116712.531773,0.0,0.0
1629116712.5808303,0.0,0.0
1629116712.6015332,0.0,0.0
1629116712.6460028,0.0,0.0
1629116712.6929853,0.0,0.0
1629116712.7072732,0.0,0.0
1629116712.7518852,0.0,0.0
1629116712.7963417,0.0,0.0
1629116712.817118,0.0,0.0
1629116712.8686962,0.0,0.0
1629116712.899664,0.0,0.0
1629116712.9493876,0.0,0.0
1629116712.976333,0.0,0.0
1629116713.0260615,0.0,0.0
1629116713.0737548,0.0,0.0
1629116713.1228447,0.0,0.0
1629116713.1784232,0.0,0.0
1629116713.2668242,0.0,0.0
1629116713.3098364,0.0,0.0
1629116713.3589964,0.0,0.0
1629116713.4050944,0.0,0.0
1629116713.4202058,0.0,0.0
1629116713.4704156,0.0,0.0
1629116713.509993,0.0,0.0
1629116713.558709,0.0,0.0
1629116713.603556,0.0,0.0
1629116713.6228156,0.0,0.0
1629116713.665612,0.0,0.0
1629116713.6814857,0.0,0.0
1629116713.7314887,0.0,0.0
1629116713.7799041,0.0,0.0
1629116713.7953904,0.0,0.0
1629116713.8452275,0.0,0.0
1629116713.8694725,0.0,0.0
1629116713.91635,0.0,0.0
1629116713.9585474,0.0,0.0
1629116713.9737341,0.0,0.0
1629116714.0209286,0.0,0.0
1629116714.063801,0.0,0.0
1629116714.0852172,0.0,0.0
1629116714.133687,0.0,0.0
1629116714.1484783,0.0,0.0
1629116714.1997197,0.0,0.0
1629116714.2453392,0.0,0.0
1629116714.2932055,0.0,0.0
1629116714.3367434,0.0,0.0
1629116714.357255,0.0,0.0
1629116714.4109144,0.0,0.0
1629116714.4313364,0.0,0.0
1629116714.484641,0.0,0.0
1629116714.5103424,0.0,0.0
1629116714.5613034,0.0,0.0
1629116714.60929,0.0,0.0
1629116714.6247077,0.0,0.0
1629116714.6835692,0.0,0.0
1629116714.7194414,0.0,0.0
1629116714.8003707,0.0,0.0
1629116714.8273375,0.0,0.0
1629116714.8797417,0.0,0.0
1629116714.926834,0.0,0.0
1629116714.9792533,0.0,0.0
1629116715.026681,0.0,0.0
1629116715.076062,0.0,0.0
1629116715.1213255,0.0,0.0
1629116715.1739852,0.0,0.0
1629116715.224029,0.0,0.0
1629116715.240644,0.0,0.0
1629116715.291579,0.0,0.0
1629116715.3120522,0.0,0.0
1629116715.3601105,0.0,0.0
1629116715.4012353,0.0,0.0
1629116715.4464672,0.0,0.0
1629116715.5218158,0.0,0.0
1629116715.5505552,0.0,0.0
1629116715.6110713,0.0,0.0
1629116715.6334524,0.0,0.0
1629116715.678954,0.0,0.0
1629116715.7288527,0.0,0.0
1629116715.7448528,0.0,0.0
1629116715.7913337,0.0,0.0
1629116715.83816,0.0,0.0
1629116715.8583367,0.0,0.0
1629116715.9035883,0.0,0.0
1629116715.946484,0.0,0.0
1629116715.9927878,0.0,0.0
1629116716.0403576,0.0,0.0
1629116716.0872037,0.0,0.0
1629116716.1124005,0.0,0.0
1629116716.1573293,0.0,0.0
1629116716.2026918,0.0,0.0
1629116716.2233083,0.0,0.0
1629116716.2684832,0.0,0.0
1629116716.343234,0.0,0.0
1629116716.3699307,0.0,0.0
1629116716.422955,0.0,0.0
1629116716.4543254,0.0,0.0
1629116716.5017202,0.0,0.0
1629116716.550886,0.0,0.0
1629116716.5710342,0.0,0.0
1629116716.6140444,0.0,0.0
1629116716.6626341,0.0,0.0
1629116716.6772258,0.0,0.0
1629116716.7251716,0.0,0.0
1629116716.7686555,0.0,0.0
1629116716.7838812,0.0,0.0
1629116716.8322303,0.0,0.0
1629116716.8759713,0.0,0.0
1629116716.8985116,0.0,0.0
1629116716.942067,0.0,0.0
1629116716.9617214,0.0,0.0
1629116717.0107484,0.0,0.0
1629116717.0346277,0.0,0.0
1629116717.0830033,0.0,0.0
1629116717.1263676,0.0,0.0
1629116717.1417205,0.0,0.0
1629116717.1918652,0.0,0.0
1629116717.230364,0.0,0.0
1629116717.279315,0.0,0.0
1629116717.3228858,0.0,0.0
1629116717.3421328,0.0,0.0
1629116717.3859007,0.0,0.0
1629116717.4065123,0.0,0.0
1629116717.4552348,0.0,0.0
1629116717.4838133,0.0,0.0
1629116717.5342038,0.0,0.0
1629116717.5589845,0.0,0.0
1629116717.606851,0.0,0.0
1629116717.650731,0.0,0.0
1629116717.6705575,0.0,0.0
1629116717.7148447,0.0,0.0
1629116717.7393193,0.0,0.0
1629116717.7871249,0.0,0.0
1629116717.8320389,0.0,0.0
1629116717.8519235,0.0,0.0
1629116717.899788,0.0,0.0
1629116717.9281607,0.0,0.0
1629116717.9827297,0.0,0.0
1629116718.0080853,0.0,0.0
1629116718.0575964,0.0,0.0
1629116718.078258,0.0,0.0
1629116718.1280174,0.0,0.0
1629116718.1763208,0.0,0.0
1629116718.2286408,0.0,0.0
1629116718.2738767,0.0,0.0
1629116718.3227398,0.0,0.0
1629116718.3685331,0.0,0.0
1629116718.3899229,0.0,0.0
1629116718.4378347,0.0,0.0
1629116718.4576795,0.0,0.0
1629116718.5100505,0.0,0.0
1629116718.5538564,0.0,0.0
1629116718.5684347,0.0,0.0
1629116718.6192536,0.0,0.0
1629116718.639466,0.0,0.0
1629116718.6906917,0.0,0.0
1629116718.7347546,0.0,0.0
1629116718.7538328,0.0,0.0
1629116718.8014643,0.0,0.0
1629116718.812714,0.0,0.0
1629116718.8632734,0.0,0.0
1629116718.902168,0.0,0.0
1629116718.953003,0.0,0.0
1629116718.999254,0.0,0.0
1629116719.0420358,0.0,0.0
1629116719.0911548,0.0,0.0
1629116719.1082115,0.0,0.0
1629116719.1583793,0.0,0.0
1629116719.2003121,0.0,0.0
1629116719.277235,0.0,0.0
1629116719.3381042,0.0,0.0
1629116719.3532097,0.0,0.0
1629116719.4013,0.0,0.0
1629116719.4482534,0.0,0.0
1629116719.4646678,0.0,0.0
1629116719.5181422,0.0,0.0
1629116719.5601897,0.0,0.0
1629116719.6048007,0.0,0.0
1629116719.627245,0.0,0.0
1629116719.672138,0.0,0.0
1629116719.7210035,0.0,0.0
1629116719.7371304,0.0,0.0
1629116719.784687,0.0,0.0
1629116719.8320372,0.0,0.0
1629116719.852341,0.0,0.0
1629116719.9004698,0.0,0.0
1629116719.927986,0.0,0.0
1629116719.9735475,0.0,0.0
1629116720.0229354,0.0,0.0
1629116720.0413766,0.0,0.0
1629116720.090159,0.0,0.0
1629116720.1152864,0.0,0.0
1629116720.1579797,0.0,0.0
1629116720.2062936,0.0,0.0
1629116720.221329,0.0,0.0
1629116720.2688808,0.0,0.0
1629116720.309128,0.0,0.0
1629116720.3516974,0.0,0.0
1629116720.3950849,0.0,0.0
1629116720.4152112,0.0,0.0
1629116720.4624932,0.0,0.0
1629116720.505607,0.0,0.0
1629116720.5272303,0.0,0.0
1629116720.5707278,0.0,0.0
1629116720.5903666,0.0,0.0
1629116720.6384425,0.0,0.0
1629116720.6831367,0.0,0.0
1629116720.698017,0.0,0.0
1629116720.7452648,0.0,0.0
1629116720.7755735,0.0,0.0
1629116720.8237624,0.0,0.0
1629116720.8682668,0.0,0.0
1629116720.8884852,0.0,0.0
1629116720.936732,0.0,0.0
1629116720.9849374,0.0,0.0
1629116721.0015502,0.0,0.0
1629116721.0545938,0.0,0.0
1629116721.080222,0.0,0.0
1629116721.1312118,0.0,0.0
1629116721.1759107,0.0,0.0
1629116721.1927078,0.0,0.0
1629116721.2421029,0.0,0.0
1629116721.268507,0.0,0.0
1629116721.3204093,0.0,0.0
1629116721.36457,0.0,0.0
1629116721.4150174,0.0,0.0
1629116721.491909,0.0,0.0
1629116721.5195346,0.0,0.0
1629116721.5742118,0.0,0.0
1629116721.5951126,0.0,0.0
1629116721.6451776,0.0,0.0
1629116721.6691802,0.0,0.0
1629116721.7203248,0.0,0.0
1629116721.7663798,0.0,0.0
1629116721.781539,0.0,0.0
1629116721.8326347,0.0,0.0
1629116721.8530898,0.0,0.0
1629116721.9040034,0.0,0.0
1629116721.9477687,0.0,0.0
1629116721.967802,0.0,0.0
1629116722.0114179,0.0,0.0
1629116722.0308492,0.0,0.0
1629116722.0780659,0.0,0.0
1629116722.1031675,0.0,0.0
1629116722.1503146,0.0,0.0
1629116722.1937854,0.0,0.0
1629116722.2135587,0.0,0.0
1629116722.286056,0.0,0.0
1629116722.3152542,0.0,0.0
1629116722.370483,0.0,0.0
1629116722.3948636,0.0,0.0
1629116722.4434607,0.0,0.0
1629116722.4895349,0.0,0.0
1629116722.5042586,0.0,0.0
1629116722.5546415,0.0,0.0
1629116722.5750139,0.0,0.0
1629116722.623484,0.0,0.0
1629116722.6668127,0.0,0.0
1629116722.6872425,0.0,0.0
1629116722.7298076,0.0,0.0
1629116722.7491221,0.0,0.0
1629116722.7927542,0.0,0.0
1629116722.8419847,0.0,0.0
1629116722.856801,0.0,0.0
1629116722.8999245,0.0,0.0
1629116722.9483688,0.0,0.0
1629116722.9644835,0.0,0.0
1629116723.0133064,0.0,0.0
1629116723.0852203,0.0,0.0
1629116723.114304,0.0,0.0
1629116723.1715634,0.0,0.0
1629116723.1984367,0.0,0.0
1629116723.245434,0.0,0.0
1629116723.2701528,0.0,0.0
1629116723.3143916,0.0,0.0
1629116723.363356,0.0,0.0
1629116723.3778067,0.0,0.0
1629116723.4233646,0.0,0.0
1629116723.4727457,0.0,0.0
1629116723.4939406,0.0,0.0
1629116723.5401058,0.0,0.0
1629116723.5654042,0.0,0.0
1629116723.61135,0.0,0.0
1629116723.6549125,0.0,0.0
1629116723.6753712,0.0,0.0
1629116723.7193797,0.0,0.0
1629116723.757009,0.0,0.0
1629116723.8023067,0.0,0.0
1629116723.8470445,0.0,0.0
1629116723.866616,0.0,0.0
1629116723.910787,0.0,0.0
1629116723.9575,0.0,0.0
1629116723.9775023,0.0,0.0
1629116724.0243187,0.0,0.0
1629116724.0669768,0.0,0.0
1629116724.112224,0.0,0.0
1629116724.1327627,0.0,0.0
1629116724.1764958,0.0,0.0
1629116724.2126622,0.0,0.0
1629116724.2625105,0.0,0.0
1629116724.3079584,0.0,0.0
1629116724.322588,0.0,0.0
1629116724.3719645,0.0,0.0
1629116724.4118624,0.0,0.0
1629116724.4620283,0.0,0.0
1629116724.5063913,0.0,0.0
1629116724.5232697,0.0,0.0
1629116724.5779593,0.0,0.0
1629116724.595116,0.0,0.0
1629116724.6450903,0.0,0.0
1629116724.687016,0.0,0.0
1629116724.7370608,0.0,0.0
1629116724.7717369,0.0,0.0
1629116724.8224187,0.0,0.0
1629116724.8660958,0.0,0.0
1629116724.8805828,0.0,0.0
1629116724.9305215,0.0,0.0
1629116724.9763591,0.0,0.0
1629116724.9966545,0.0,0.0
1629116725.0476348,0.0,0.0
1629116725.0638576,0.0,0.0
1629116725.1168501,0.0,0.0
1629116725.1665668,0.0,0.0
1629116725.2207525,0.0,0.0
1629116725.266722,0.0,0.0
1629116725.3170023,0.0,0.0
1629116725.3641114,0.0,0.0
1629116725.3804502,0.0,0.0
1629116725.4305933,0.0,0.0
1629116725.4529245,0.0,0.0
1629116725.5039344,0.0,0.0
1629116725.5523853,0.0,0.0
1629116725.5689454,0.0,0.0
1629116725.6217906,0.0,0.0
1629116725.6420817,0.0,0.0
1629116725.6914244,0.0,0.0
1629116725.7346978,0.0,0.0
1629116725.75017,0.0,0.0
1629116725.8016596,0.0,0.0
1629116725.825654,0.0,0.0
1629116725.8739822,0.0,0.0
1629116725.9175127,0.0,0.0
1629116725.932066,0.0,0.0
1629116725.9998648,0.0,0.0
1629116726.0399687,0.0,0.0
1629116726.0976737,0.0,0.0
1629116726.12379,0.0,0.0
1629116726.1757638,0.0,0.0
1629116726.222976,0.0,0.0
1629116726.2721968,0.0,0.0
1629116726.3180666,0.0,0.0
1629116726.3333685,0.0,0.0
1629116726.3857923,0.0,0.0
1629116726.4254334,0.0,0.0
1629116726.4762769,0.0,0.0
1629116726.5231733,0.0,0.0
1629116726.5386367,0.0,0.0
1629116726.5901089,0.0,0.0
1629116726.609487,0.0,0.0
1629116726.6557665,0.0,0.0
1629116726.7076237,0.0,0.0
1629116726.7229917,0.0,0.0
1629116726.7703955,0.0,0.0
1629116726.8200626,0.0,0.0
1629116726.8673217,0.0,0.0
1629116726.888414,0.0,0.0
1629116726.937208,0.0,0.0
1629116726.9766846,0.0,0.0
1629116727.0227466,0.0,0.0
1629116727.0682552,0.0,0.0
1629116727.0891707,0.0,0.0
1629116727.1348734,0.0,0.0
1629116727.1780474,0.0,0.0
1629116727.2236705,0.0,0.0
1629116727.2700267,0.0,0.0
1629116727.3164537,0.0,0.0
1629116727.3673656,0.0,0.0
1629116727.3903878,0.0,0.0
1629116727.4354837,0.0,0.0
1629116727.4606566,0.0,0.0
1629116727.5076852,0.0,0.0
1629116727.5558426,0.0,0.0
1629116727.576056,0.0,0.0
1629116727.6219814,0.0,0.0
1629116727.6701488,0.0,0.0
1629116727.716918,0.0,0.0
1629116727.7416852,0.0,0.0
1629116727.787146,0.0,0.0
1629116727.8400283,0.0,0.0
1629116727.8555133,0.0,0.0
1629116727.9074566,0.0,0.0
1629116727.9463851,0.0,0.0
1629116727.992154,0.0,0.0
1629116728.039614,0.0,0.0
1629116728.0601242,0.0,0.0
1629116728.1122684,0.0,0.0
1629116728.1381311,0.0,0.0
1629116728.1893523,0.0,0.0
1629116728.2371871,0.0,0.0
1629116728.2885811,0.0,0.0
1629116728.3350928,0.0,0.0
1629116728.3856568,0.0,0.0
1629116728.43373,0.0,0.0
1629116728.4493697,0.0,0.0
1629116728.5012126,0.0,0.0
1629116728.522211,0.0,0.0
1629116728.575467,0.0,0.0
1629116728.6092792,0.0,0.0
1629116728.6615627,0.0,0.0
1629116728.6833599,0.0,0.0
1629116728.7327683,0.0,0.0
1629116728.7571201,0.0,0.0
1629116728.8066258,0.0,0.0
1629116728.8519323,0.0,0.0
1629116728.8677614,0.0,0.0
1629116728.948803,0.0,0.0
1629116728.9898362,0.0,0.0
1629116729.0414703,0.0,0.0
1629116729.0631304,0.0,0.0
1629116729.1114094,0.0,0.0
1629116729.1536026,0.0,0.0
1629116729.1735623,0.0,0.0
1629116729.2165139,0.0,0.0
1629116729.2386537,0.0,0.0
1629116729.285279,0.0,0.0
1629116729.3282542,0.0,0.0
1629116729.3480318,0.0,0.0
1629116729.3914342,0.0,0.0
1629116729.4379005,0.0,0.0
1629116729.4856193,0.0,0.0
1629116729.5002317,0.0,0.0
1629116729.5508652,0.0,0.0
1629116729.5886855,0.0,0.0
1629116729.637912,0.0,0.0
1629116729.6579256,0.0,0.0
1629116729.70626,0.0,0.0
1629116729.75064,0.0,0.0
1629116729.7701395,0.0,0.0
1629116729.8130543,0.0,0.0
1629116729.8323653,0.0,0.0
1629116729.8808787,0.0,0.0
1629116729.9234495,0.0,0.0
1629116729.9389653,0.0,0.0
1629116729.988615,0.0,0.0
1629116730.025587,0.0,0.0
1629116730.0743601,0.0,0.0
1629116730.1168015,0.0,0.0
1629116730.1412148,0.0,0.0
1629116730.1839588,0.0,0.0
1629116730.1999662,0.0,0.0
1629116730.249331,0.0,0.0
1629116730.293122,0.0,0.0
1629116730.308826,0.0,0.0
1629116730.3577085,0.0,0.0
1629116730.3818216,0.0,0.0
1629116730.4302197,0.0,0.0
1629116730.4763362,0.0,0.0
1629116730.5204864,0.0,0.0
1629116730.5710104,0.0,0.0
1629116730.5876813,0.0,0.0
1629116730.631196,0.0,0.0
1629116730.6800165,0.0,0.0
1629116730.6955144,0.0,0.0
1629116730.7390537,0.0,0.0
1629116730.7889473,0.0,0.0
1629116730.8027236,0.0,0.0
1629116730.846027,0.0,0.0
1629116730.8955321,0.0,0.0
1629116730.938908,0.0,0.0
1629116730.9625907,0.0,0.0
1629116731.005104,0.0,0.0
1629116731.0293686,0.0,0.0
1629116731.0734928,0.0,0.0
1629116731.1196876,0.0,0.0
1629116731.1393344,0.0,0.0
1629116731.1845431,0.0,0.0
1629116731.2297802,0.0,0.0
1629116731.2785015,0.0,0.0
1629116731.3053355,0.0,0.0
1629116731.353492,0.0,0.0
1629116731.3998625,0.0,0.0
1629116731.4210932,0.0,0.0
1629116731.4701595,0.0,0.0
1629116731.5057573,0.0,0.0
1629116731.5535507,0.0,0.0
1629116731.6006277,0.0,0.0
1629116731.622612,0.0,0.0
1629116731.675192,0.0,0.0
1629116731.707028,0.0,0.0
1629116731.7566872,0.0,0.0
1629116731.7892482,0.0,0.0
1629116731.8567438,0.0,0.0
1629116731.9248679,0.0,0.0
1629116731.9433055,0.0,0.0
1629116731.9930153,0.0,0.0
1629116732.035532,0.0,0.0
1629116732.0867229,0.0,0.0
1629116732.1133397,0.0,0.0
1629116732.1662447,0.0,0.0
1629116732.2129877,0.0,0.0
1629116732.227266,0.0,0.0
1629116732.2754273,0.0,0.0
1629116732.2949805,0.0,0.0
1629116732.3453023,0.0,0.0
1629116732.3896096,0.0,0.0
1629116732.4051175,0.0,0.0
1629116732.4550834,0.0,0.0
1629116732.5002747,0.0,0.0
1629116732.5518665,0.0,0.0
1629116732.5962818,0.0,0.0
1629116732.612538,0.0,0.0
1629116732.6596272,0.0,0.0
1629116732.6785207,0.0,0.0
1629116732.727559,0.0,0.0
1629116732.7716043,0.0,0.0
1629116732.7877667,0.0,0.0
1629116732.8396523,0.0,0.0
1629116732.8875048,0.0,0.0
1629116732.939886,0.0,0.0
1629116732.9613001,0.0,0.0
1629116733.0103168,0.0,0.0
1629116733.0359066,0.0,0.0
1629116733.08549,0.0,0.0
1629116733.1296241,0.0,0.0
1629116733.1798735,0.0,0.0
1629116733.2264447,0.0,0.0
1629116733.2490335,0.0,0.0
1629116733.2950406,0.0,0.0
1629116733.3143094,0.0,0.0
1629116733.3641965,0.0,0.0
1629116733.4100618,0.0,0.0
1629116733.425233,0.0,0.0
1629116733.474266,0.0,0.0
1629116733.5153656,0.0,0.0
1629116733.5668633,0.0,0.0
1629116733.6115031,0.0,0.0
1629116733.6593158,0.0,0.0
1629116733.7044864,0.0,0.0
1629116733.7230437,0.0,0.0
1629116733.7712808,0.0,0.0
1629116733.7863305,0.0,0.0
1629116733.8363981,0.0,0.0
1629116733.8808794,0.0,0.0
1629116733.9004881,0.0,0.0
1629116733.9502897,0.0,0.0
1629116733.9642675,0.0,0.0
1629116734.0152318,0.0,0.0
1629116734.0574238,0.0,0.0
1629116734.100506,0.0,0.0
1629116734.1449637,0.0,0.0
1629116734.1744282,0.0,0.0
1629116734.2224252,0.0,0.0
1629116734.2287982,0.0,0.0
1629116734.2746303,0.0,0.0
1629116734.322425,0.0,0.0
1629116734.3369853,0.0,0.0
1629116734.3876686,0.0,0.0
1629116734.428407,0.0,0.0
1629116734.478202,0.0,0.0
1629116734.5289128,0.0,0.0
1629116734.5496814,0.0,0.0
1629116734.5971522,0.0,0.0
1629116734.6337771,0.0,0.0
1629116734.679883,0.0,0.0
1629116734.72621,0.0,0.0
1629116734.742269,0.0,0.0
1629116734.7877302,0.0,0.0
1629116734.8377647,0.0,0.0
1629116734.884662,0.0,0.0
1629116734.9029508,0.0,0.0
1629116734.947908,0.0,0.0
1629116734.9919252,0.0,0.0
1629116735.0115483,0.0,0.0
1629116735.055674,0.0,0.0
1629116735.1042848,0.0,0.0
1629116735.1181154,0.0,0.0
1629116735.1621723,0.0,0.0
1629116735.2059512,0.0,0.0
1629116735.2251604,0.0,0.0
1629116735.271242,0.0,0.0
1629116735.3169158,0.0,0.0
1629116735.3371103,0.0,0.0
1629116735.3792548,0.0,0.0
1629116735.415841,0.0,0.0
1629116735.4599288,0.0,0.0
1629116735.5036018,0.0,0.0
1629116735.5235803,0.0,0.0
1629116735.5771308,0.0,0.0
1629116735.6187236,0.0,0.0
1629116735.6394043,0.0,0.0
1629116735.6895192,0.0,0.0
1629116735.705288,0.0,0.0
1629116735.7537668,0.0,0.0
1629116735.7940977,0.0,0.0
1629116735.8413107,0.0,0.0
1629116735.886886,0.0,0.0
1629116735.9016964,0.0,0.0
1629116735.9481013,0.0,0.0
1629116735.9724119,0.0,0.0
1629116736.0212195,0.0,0.0
1629116736.0695078,0.0,0.0
1629116736.0900342,0.0,0.0
1629116736.1344755,0.0,0.0
1629116736.1546962,0.0,0.0
1629116736.2046347,0.0,0.0
1629116736.2508805,0.0,0.0
1629116736.3016179,0.0,0.0
1629116736.3475804,0.0,0.0
1629116736.398925,0.0,0.0
1629116736.4461448,0.0,0.0
1629116736.4612217,0.0,0.0
1629116736.5092247,0.0,0.0
1629116736.5269501,0.0,0.0
1629116736.5794077,0.0,0.0
1629116736.6255052,0.0,0.0
1629116736.6715934,0.0,0.0
1629116736.7155147,0.0,0.0
1629116736.7349331,0.0,0.0
1629116736.7827344,0.0,0.0
1629116736.801545,0.0,0.0
1629116736.8511415,0.0,0.0
1629116736.8974767,0.0,0.0
1629116736.913165,0.0,0.0
1629116736.965952,0.0,0.0
1629116737.0026596,0.0,0.0
1629116737.0535424,0.0,0.0
1629116737.081435,0.0,0.0
1629116737.132092,0.0,0.0
1629116737.1799517,0.0,0.0
1629116737.2305377,0.0,0.0
1629116737.2782338,0.0,0.0
1629116737.2940643,0.0,0.0
1629116737.3458512,0.0,0.0
1629116737.3679733,0.0,0.0
1629116737.4179785,0.0,0.0
1629116737.4453695,0.0,0.0
1629116737.496383,0.0,0.0
1629116737.5432417,0.0,0.0
1629116737.5968513,0.0,0.0
1629116737.6495697,0.0,0.0
1629116737.665459,0.0,0.0
1629116737.7174942,0.0,0.0
1629116737.7335477,0.0,0.0
1629116737.7823322,0.0,0.0
1629116737.8271637,0.0,0.0
1629116737.8802223,0.0,0.0
1629116737.9055538,0.0,0.0
1629116737.9567688,0.0,0.0
1629116737.9827101,0.0,0.0
1629116738.0286849,0.0,0.0
1629116738.0752156,0.0,0.0
1629116738.126361,0.0,0.0
1629116738.1424532,0.0,0.0
1629116738.1876993,0.0,0.0
1629116738.2392495,0.0,0.0
1629116738.2598155,0.0,0.0
1629116738.339174,0.0,0.0
1629116738.387196,0.0,0.0
1629116738.4316928,0.0,0.0
1629116738.45157,0.0,0.0
1629116738.495738,0.0,0.0
1629116738.5364115,0.0,0.0
1629116738.5893493,0.0,0.0
1629116738.6307507,0.0,0.0
1629116738.6757202,0.0,0.0
1629116738.721413,0.0,0.0
1629116738.7426305,0.0,0.0
1629116738.789703,0.0,0.0
1629116738.8329263,0.0,0.0
1629116738.8808436,0.0,0.0
1629116738.9267313,0.0,0.0
1629116738.9725368,0.0,0.0
1629116739.0014513,0.0,0.0
1629116739.0467637,0.0,0.0
1629116739.135319,0.0,0.0
1629116739.159898,0.0,0.0
1629116739.2040944,0.0,0.0
1629116739.2289007,0.0,0.0
1629116739.2776527,0.0,0.0
1629116739.321189,0.0,0.0
1629116739.3683565,0.0,0.0
1629116739.416794,0.0,0.0
1629116739.4319568,0.0,0.0
1629116739.4840918,0.0,0.0
1629116739.527442,0.0,0.0
1629116739.5781622,0.0,0.0
1629116739.622564,0.0,0.0
1629116739.674475,0.0,0.0
1629116739.7161674,0.0,0.0
1629116739.7364435,0.0,0.0
1629116739.7815566,0.0,0.0
1629116739.8014305,0.0,0.0
1629116739.850582,0.0,0.0
1629116739.8953183,0.0,0.0
1629116739.910634,0.0,0.0
1629116739.962043,0.0,0.0
1629116739.9874895,0.0,0.0
1629116740.03599,0.0,0.0
1629116740.062295,0.0,0.0
1629116740.1612945,0.0,0.0
1629116740.1639824,0.0,0.0
1629116740.1816359,0.0,0.0
1629116740.2847576,0.0,0.0
1629116740.2928777,0.0,0.0
1629116740.2928898,0.0,0.0
1629116740.307085,0.0,0.0
1629116740.4171221,0.0,0.0
1629116740.4205363,0.0,0.0
1629116740.4527128,0.0,0.0
1629116740.5532439,0.0,0.0
1629116740.560149,0.0,0.0
1629116740.5601575,0.0,0.0
1629116740.679389,0.0,0.0
1629116740.6857634,0.0,0.0
1629116740.707011,0.0,0.0
1629116740.8138342,0.0,0.0
1629116740.8189101,0.0,0.0
1629116740.842102,0.0,0.0
1629116740.9514856,0.0,0.0
1629116740.9567258,0.0,0.0
1629116740.956775,0.0,0.0
1629116741.0400488,0.0,0.0
1629116741.04298,0.0,0.0
1629116741.2136083,0.0,0.0
1629116741.2200165,0.0,0.0
1629116741.220079,0.0,0.0
1629116741.220089,0.0,0.0
1629116741.220096,0.0,0.0
1629116741.2544398,0.0,0.0
1629116741.3910851,0.0,0.0
1629116741.4018958,0.0,0.0
1629116741.4019089,0.0,0.0
1629116741.4019232,0.0,0.0
1629116741.558393,0.0,0.0
1629116741.5725634,0.0,0.0
1629116741.5725667,0.0,0.0
1629116741.5725703,0.0,0.0
1629116741.5725732,0.0,0.0
1629116741.599926,0.0,0.0
1629116741.6645749,0.0,0.0
1629116741.6874194,0.0,0.0
1629116741.7991421,0.0,0.0
1629116741.8042414,0.0,0.0
1629116741.8167682,0.0,0.0
1629116741.8402498,0.0,0.0
1629116741.9814503,0.0,0.0
1629116741.9818194,0.0,0.0
1629116741.981825,0.0,0.0
1629116741.9980655,0.0,0.0
1629116742.1426606,0.0,0.0
1629116742.1503985,0.0,0.0
1629116742.1504378,0.0,0.0
1629116742.1671896,0.0,0.0
1629116742.3165243,0.0,0.0
1629116742.322988,0.0,0.0
1629116742.3229926,0.0,0.0
1629116742.322997,0.0,0.0
1629116742.4885716,0.0,0.0
1629116742.496478,0.0,0.0
1629116742.4964912,0.0,0.0
1629116742.498667,0.0,0.0
1629116742.5149238,0.0,0.0
1629116742.6609108,0.0,0.0
1629116742.6645494,0.0,0.0
1629116742.664559,0.0,0.0
1629116742.7013595,0.0,0.0
1629116742.8357248,0.0,0.0
1629116742.8424518,0.0,0.0
1629116742.8424606,0.0,0.0
1629116742.8587372,0.0,0.0
1629116743.0082815,0.0,0.0
1629116743.0190225,0.0,0.0
1629116743.01903,0.0,0.0
1629116743.019052,0.0,0.0
1629116743.0356064,0.0,0.0
1629116743.1810434,0.0,0.0
1629116743.1901114,0.0,0.0
1629116743.1901343,0.0,0.0
1629116743.1901598,0.0,0.0
1629116743.3535812,0.0,0.0
1629116743.3599563,0.0,0.0
1629116743.3599923,0.0,0.0
1629116743.359999,0.0,0.0
1629116743.3726938,0.0,0.0
1629116743.5264091,0.0,0.0
1629116743.5335956,0.0,0.0
1629116743.533623,0.0,0.0
1629116743.5640967,0.0,0.0
1629116743.7001197,0.0,0.0
1629116743.709506,0.0,0.0
1629116743.7095196,0.0,0.0
1629116743.7095537,0.0,0.0
1629116743.7289948,0.0,0.0
1629116743.8350997,0.0,0.0
1629116743.8383214,0.0,0.0
1629116743.8515537,0.0,0.0
1629116743.973393,0.0,0.0
1629116743.982529,0.0,0.0
1629116743.9825404,0.0,0.0
1629116744.0058067,0.0,0.0
1629116744.0632887,0.0,0.0
1629116744.0720944,0.0,0.0
1629116744.088634,0.0,0.0
1629116744.1368318,0.0,0.0
1629116744.1687407,0.0,0.0
1629116744.2160468,0.0,0.0
1629116744.2600083,0.0,0.0
1629116744.280803,0.0,0.0
1629116744.3535428,0.0,0.0
1629116744.395909,0.0,0.0
1629116744.4433372,0.0,0.0
1629116744.470664,0.0,0.0
1629116744.519389,0.0,0.0
1629116744.5575066,0.0,0.0
1629116744.6052754,0.0,0.0
1629116744.6248035,0.0,0.0
1629116744.673482,0.0,0.0
1629116744.6980095,0.0,0.0
1629116744.744764,0.0,0.0
1629116744.7877219,0.0,0.0
1629116744.8029978,0.0,0.0
1629116744.8498156,0.0,0.0
1629116744.8882213,0.0,0.0
1629116744.9364738,0.0,0.0
1629116744.978936,0.0,0.0
1629116745.0274189,0.0,0.0
1629116745.0728033,0.0,0.0
1629116745.0879562,0.0,0.0
1629116745.1387799,0.0,0.0
1629116745.1821506,0.0,0.0
1629116745.2300558,0.0,0.0
1629116745.275279,0.0,0.0
1629116745.2902114,0.0,0.0
1629116745.33879,0.0,0.0
1629116745.382044,0.0,0.0
1629116745.4024992,0.0,0.0
1629116745.4542694,0.0,0.0
1629116745.4708397,0.0,0.0
1629116745.5202096,0.0,0.0
1629116745.5566194,0.0,0.0
1629116745.608843,0.0,0.0
1629116745.6541822,0.0,0.0
1629116745.6788,0.0,0.0
1629116745.7278514,0.0,0.0
1629116745.7498636,0.0,0.0
1629116745.80425,0.0,0.0
1629116745.853291,0.0,0.0
1629116745.9303772,0.0,0.0
1629116745.9567916,0.0,0.0
1629116746.0024743,0.0,0.0
1629116746.0289805,0.0,0.0
1629116746.0793962,0.0,0.0
1629116746.1256983,0.0,0.0
1629116746.176761,0.0,0.0
1629116746.2224603,0.0,0.0
1629116746.2430074,0.0,0.0
1629116746.2920394,0.0,0.0
1629116746.3112981,0.0,0.0
1629116746.3609097,0.0,0.0
1629116746.3863585,0.0,0.0
1629116746.4367552,0.0,0.0
1629116746.4830759,0.0,0.0
1629116746.5041378,0.0,0.0
1629116746.549732,0.0,0.0
1629116746.5655246,0.0,0.0
1629116746.6163378,0.0,0.0
1629116746.6698833,0.0,0.0
1629116746.7230592,0.0,0.0
1629116746.7662866,0.0,0.0
1629116746.819288,0.0,0.0
1629116746.8442025,0.0,0.0
1629116746.898284,0.0,0.0
1629116746.9453325,0.0,0.0
1629116746.960522,0.0,0.0
1629116747.0141826,0.0,0.0
1629116747.0340831,0.0,0.0
1629116747.0845385,0.0,0.0
1629116747.1101298,0.0,0.0
1629116747.159737,0.0,0.0
1629116747.204813,0.0,0.0
1629116747.2248173,0.0,0.0
1629116747.269643,0.0,0.0
1629116747.2847266,0.0,0.0
1629116747.347975,0.0,0.0
1629116747.4227195,0.0,0.0
1629116747.437915,0.0,0.0
1629116747.4891136,0.0,0.0
1629116747.5045063,0.0,0.0
1629116747.5545843,0.0,0.0
1629116747.5952864,0.0,0.0
1629116747.6443949,0.0,0.0
1629116747.6664119,0.0,0.0
1629116747.7162082,0.0,0.0
1629116747.746596,0.0,0.0
1629116747.796669,0.0,0.0
1629116747.8273265,0.0,0.0
1629116747.8787491,0.0,0.0
1629116747.909452,0.0,0.0
1629116747.960578,0.0,0.0
1629116747.9835467,0.0,0.0
1629116748.0347843,0.0,0.0
1629116748.0608695,0.0,0.0
1629116748.109588,0.0,0.0
1629116748.1733327,0.0,0.0
1629116748.2481923,0.0,0.0
1629116748.2745087,0.0,0.0
1629116748.3272893,0.0,0.0
1629116748.3726072,0.0,0.0
1629116748.3876894,0.0,0.0
1629116748.4387722,0.0,0.0
1629116748.4535909,0.0,0.0
1629116748.5047462,0.0,0.0
1629116748.5488753,0.0,0.0
1629116748.5644643,0.0,0.0
1629116748.6141572,0.0,0.0
1629116748.6389642,0.0,0.0
1629116748.691383,0.0,0.0
1629116748.7109725,0.0,0.0
1629116748.7608364,0.0,0.0
1629116748.8055573,0.0,0.0
1629116748.8259335,0.0,0.0
1629116748.8714807,0.0,0.0
1629116748.891713,0.0,0.0
1629116748.9415858,0.0,0.0
1629116748.9867747,0.0,0.0
1629116749.00371,0.0,0.0
1629116749.0560484,0.0,0.0
1629116749.084028,0.0,0.0
1629116749.1382477,0.0,0.0
1629116749.186629,0.0,0.0
1629116749.2401612,0.0,0.0
1629116749.2877488,0.0,0.0
1629116749.3370867,0.0,0.0
1629116749.381896,0.0,0.0
1629116749.39695,0.0,0.0
1629116749.4479759,0.0,0.0
1629116749.472352,0.0,0.0
1629116749.521516,0.0,0.0
1629116749.566406,0.0,0.0
1629116749.582578,0.0,0.0
1629116749.635847,0.0,0.0
1629116749.6548712,0.0,0.0
1629116749.7097185,0.0,0.0
1629116749.7390752,0.0,0.0
1629116749.785793,0.0,0.0
1629116749.8095946,0.0,0.0
1629116749.85797,0.0,0.0
1629116749.9027386,0.0,0.0
1629116749.9294431,0.0,0.0
1629116749.981212,0.0,0.0
1629116749.9963715,0.0,0.0
1629116750.0435305,0.0,0.0
1629116750.084348,0.0,0.0
1629116750.1310384,0.0,0.0
1629116750.1701822,0.0,0.0
1629116750.2184167,0.0,0.0
1629116750.2637956,0.0,0.0
1629116750.3140178,0.0,0.0
1629116750.3568993,0.0,0.0
1629116750.4049325,0.0,0.0
1629116750.4498703,0.0,0.0
1629116750.465735,0.0,0.0
1629116750.5178638,0.0,0.0
1629116750.5552487,0.0,0.0
1629116750.60655,0.0,0.0
1629116750.6545231,0.0,0.0
1629116750.6675706,0.0,0.0
1629116750.7178912,0.0,0.0
1629116750.7369404,0.0,0.0
1629116750.7878075,0.0,0.0
1629116750.8318634,0.0,0.0
1629116750.8491302,0.0,0.0
1629116750.9005015,0.0,0.0
1629116750.9251113,0.0,0.0
1629116750.9753242,0.0,0.0
1629116750.996278,0.0,0.0
1629116751.046676,0.0,0.0
1629116751.0779164,0.0,0.0
1629116751.1292377,0.0,0.0
1629116751.154633,0.0,0.0
1629116751.2047987,0.0,0.0
1629116751.2490892,0.0,0.0
1629116751.2689803,0.0,0.0
1629116751.3116658,0.0,0.0
1629116751.3327432,0.0,0.0
1629116751.3824537,0.0,0.0
1629116751.4242473,0.0,0.0
1629116751.444107,0.0,0.0
1629116751.492928,0.0,0.0
1629116751.5086184,0.0,0.0
1629116751.5589874,0.0,0.0
1629116751.597868,0.0,0.0
1629116751.645289,0.0,0.0
1629116751.6924899,0.0,0.0
1629116751.7119827,0.0,0.0
1629116751.7615154,0.0,0.0
1629116751.7770898,0.0,0.0
1629116751.8240871,0.0,0.0
1629116751.8636632,0.0,0.0
1629116751.9110193,0.0,0.0
1629116751.954112,0.0,0.0
1629116751.9761443,0.0,0.0
1629116752.0216835,0.0,0.0
1629116752.0446677,0.0,0.0
1629116752.092129,0.0,0.0
1629116752.1370037,0.0,0.0
1629116752.1517386,0.0,0.0
1629116752.199372,0.0,0.0
1629116752.2361858,0.0,0.0
1629116752.2835255,0.0,0.0
1629116752.326648,0.0,0.0
1629116752.34117,0.0,0.0
1629116752.3887355,0.0,0.0
1629116752.4239476,0.0,0.0
1629116752.4741313,0.0,0.0
1629116752.5181835,0.0,0.0
1629116752.532079,0.0,0.0
1629116752.5809453,0.0,0.0
1629116752.6192737,0.0,0.0
1629116752.668165,0.0,0.0
1629116752.6950471,0.0,0.0
1629116752.7453697,0.0,0.0
1629116752.7926376,0.0,0.0
1629116752.8439379,0.0,0.0
1629116752.8900943,0.0,0.0
1629116752.904414,0.0,0.0
1629116752.953645,0.0,0.0
1629116752.9730864,0.0,0.0
1629116753.0208907,0.0,0.0
1629116753.063508,0.0,0.0
1629116753.0793352,0.0,0.0
1629116753.1305256,0.0,0.0
1629116753.1820745,0.0,0.0
1629116753.2647965,0.0,0.0
1629116753.2948122,0.0,0.0
1629116753.3479524,0.0,0.0
1629116753.3690424,0.0,0.0
1629116753.419328,0.0,0.0
1629116753.4479024,0.0,0.0
1629116753.4998157,0.0,0.0
1629116753.5238006,0.0,0.0
1629116753.5717313,0.0,0.0
1629116753.623964,0.0,0.0
1629116753.671181,0.0,0.0
1629116753.7263048,0.0,0.0
1629116753.7731242,0.0,0.0
1629116753.8168743,0.0,0.0
1629116753.8402352,0.0,0.0
1629116753.8905017,0.0,0.0
1629116753.906626,0.0,0.0
1629116753.9482217,0.0,0.0
1629116753.9934504,0.0,0.0
1629116754.0412877,0.0,0.0
1629116754.0609186,0.0,0.0
1629116754.1093025,0.0,0.0
1629116754.1362693,0.0,0.0
1629116754.1833522,0.0,0.0
1629116754.2271345,0.0,0.0
1629116754.2506897,0.0,0.0
1629116754.294599,0.0,0.0
1629116754.316685,0.0,0.0
1629116754.3622637,0.0,0.0
1629116754.4056273,0.0,0.0
1629116754.4295,0.0,0.0
1629116754.4681423,0.0,0.0
1629116754.4905055,0.0,0.0
1629116754.538845,0.0,0.0
1629116754.5819087,0.0,0.0
1629116754.6299343,0.0,0.0
1629116754.674385,0.0,0.0
1629116754.696113,0.0,0.0
1629116754.7408323,0.0,0.0
1629116754.7634573,0.0,0.0
1629116754.8117602,0.0,0.0
1629116754.855128,0.0,0.0
1629116754.8693056,0.0,0.0
1629116754.9184694,0.0,0.0
1629116754.9519973,0.0,0.0
1629116755.001526,0.0,0.0
1629116755.027162,0.0,0.0
1629116755.0756063,0.0,0.0
1629116755.119774,0.0,0.0
1629116755.1404934,0.0,0.0
1629116755.1822717,0.0,0.0
1629116755.207293,0.0,0.0
1629116755.2563193,0.0,0.0
1629116755.2995017,0.0,0.0
1629116755.3137548,0.0,0.0
1629116755.3620076,0.0,0.0
1629116755.3996234,0.0,0.0
1629116755.4469078,0.0,0.0
1629116755.4918876,0.0,0.0
1629116755.5062766,0.0,0.0
1629116755.5561917,0.0,0.0
1629116755.594669,0.0,0.0
1629116755.6427865,0.0,0.0
1629116755.6867242,0.0,0.0
1629116755.701789,0.0,0.0
1629116755.7528417,0.0,0.0
1629116755.7767375,0.0,0.0
1629116755.8260517,0.0,0.0
1629116755.8710568,0.0,0.0
1629116755.8914468,0.0,0.0
1629116755.9360173,0.0,0.0
1629116755.956116,0.0,0.0
1629116756.004051,0.0,0.0
1629116756.0477574,0.0,0.0
1629116756.0680957,0.0,0.0
1629116756.11113,0.0,0.0
1629116756.1350305,0.0,0.0
1629116756.1839745,0.0,0.0
1629116756.227157,0.0,0.0
1629116756.2464943,0.0,0.0
1629116756.2892704,0.0,0.0
1629116756.3092356,0.0,0.0
1629116756.3657172,0.0,0.0
1629116756.402536,0.0,0.0
1629116756.4220357,0.0,0.0
1629116756.5080867,0.0,0.0
1629116756.5110416,0.0,0.0
1629116756.5359695,0.0,0.0
1629116756.5663188,0.0,0.0
1629116756.6094089,0.0,0.0
1629116756.6582022,0.0,0.0
1629116756.6746488,0.0,0.0
1629116756.7183483,0.0,0.0
1629116756.746059,0.0,0.0
1629116756.79504,0.0,0.0
1629116756.838388,0.0,0.0
1629116756.858631,0.0,0.0
1629116756.9029753,0.0,0.0
1629116756.9250126,0.0,0.0
1629116756.9708786,0.0,0.0
1629116757.018861,0.0,0.0
1629116757.0383222,0.0,0.0
1629116757.0786848,0.0,0.0
1629116757.105555,0.0,0.0
1629116757.155119,0.0,0.0
1629116757.2080169,0.0,0.0
1629116757.2575057,0.0,0.0
1629116757.310522,0.0,0.0
1629116757.3604944,0.0,0.0
1629116757.3857033,0.0,0.0
1629116757.4368155,0.0,0.0
1629116757.4883497,0.0,0.0
1629116757.5398471,0.0,0.0
1629116757.5655513,0.0,0.0
1629116757.6175528,0.0,0.0
1629116757.66745,0.0,0.0
1629116757.7205584,0.0,0.0
1629116757.7668726,0.0,0.0
1629116757.7867973,0.0,0.0
1629116757.8380213,0.0,0.0
1629116757.8596349,0.0,0.0
1629116757.9110618,0.0,0.0
1629116757.9361887,0.0,0.0
1629116757.9867878,0.0,0.0
1629116758.03263,0.0,0.0
1629116758.0522065,0.0,0.0
1629116758.1028442,0.0,0.0
1629116758.1202028,0.0,0.0
1629116758.1740096,0.0,0.0
1629116758.2237113,0.0,0.0
1629116758.2396808,0.0,0.0
1629116758.29312,0.0,0.0
1629116758.3088295,0.0,0.0
1629116758.3597274,0.0,0.0
1629116758.4028857,0.0,0.0
1629116758.4565246,0.0,0.0
1629116758.4849486,0.0,0.0
1629116758.5361552,0.0,0.0
1629116758.5784104,0.0,0.0
1629116758.6270204,0.0,0.0
1629116758.6519718,0.0,0.0
1629116758.7004497,0.0,0.0
1629116758.7214856,0.0,0.0
1629116758.7759721,0.0,0.0
1629116758.8003044,0.0,0.0
1629116758.850467,0.0,0.0
1629116758.8965445,0.0,0.0
1629116758.9131017,0.0,0.0
1629116758.9635072,0.0,0.0
1629116758.9841392,0.0,0.0
1629116759.033723,0.0,0.0
1629116759.079935,0.0,0.0
1629116759.0956545,0.0,0.0
1629116759.1467986,0.0,0.0
1629116759.166259,0.0,0.0
1629116759.2160661,0.0,0.0
1629116759.2625604,0.0,0.0
1629116759.2797215,0.0,0.0
1629116759.3284478,0.0,0.0
1629116759.3533125,0.0,0.0
1629116759.4056013,0.0,0.0
1629116759.4515615,0.0,0.0
1629116759.4673288,0.0,0.0
1629116759.5190604,0.0,0.0
1629116759.5450103,0.0,0.0
1629116759.5941863,0.0,0.0
1629116759.6385589,0.0,0.0
1629116759.6895182,0.0,0.0
1629116759.7364206,0.0,0.0
1629116759.7510777,0.0,0.0
1629116759.802614,0.0,0.0
1629116759.8238735,0.0,0.0
1629116759.874401,0.0,0.0
1629116759.9195113,0.0,0.0
1629116759.9414842,0.0,0.0
1629116759.9888818,0.0,0.0
1629116760.008895,0.0,0.0
1629116760.0583496,0.0,0.0
1629116760.08927,0.0,0.0
1629116760.1386864,0.0,0.0
1629116760.15898,0.0,0.0
1629116760.2088773,0.0,0.0
1629116760.2331564,0.0,0.0
1629116760.2831163,0.0,0.0
1629116760.3394632,0.0,0.0
1629116760.377128,0.0,0.0
1629116760.4415264,0.0,0.0
1629116760.4626706,0.0,0.0
1629116760.5150917,0.0,0.0
1629116760.5643115,0.0,0.0
1629116760.5796993,0.0,0.0
1629116760.6322737,0.0,0.0
1629116760.6478975,0.0,0.0
1629116760.6973486,0.0,0.0
1629116760.7393625,0.0,0.0
1629116760.7920232,0.0,0.0
1629116760.8110037,0.0,0.0
1629116760.863717,0.0,0.0
1629116760.8906677,0.0,0.0
1629116760.9422932,0.0,0.0
1629116760.9967487,0.0,0.0
1629116761.046612,0.0,0.0
1629116761.0720923,0.0,0.0
1629116761.125786,0.0,0.0
1629116761.20607,0.0,0.0
1629116761.261006,0.0,0.0
1629116761.2858663,0.0,0.0
1629116761.3334708,0.0,0.0
1629116761.3776782,0.0,0.0
1629116761.402165,0.0,0.0
1629116761.445899,0.0,0.0
1629116761.4604182,0.0,0.0
1629116761.5111668,0.0,0.0
1629116761.5548234,0.0,0.0
1629116761.5742438,0.0,0.0
1629116761.6180916,0.0,0.0
1629116761.6479464,0.0,0.0
1629116761.7012267,0.0,0.0
1629116761.7438529,0.0,0.0
1629116761.7976236,0.0,0.0
1629116761.8234167,0.0,0.0
1629116761.8756683,0.0,0.0
1629116761.9037688,0.0,0.0
1629116761.9826665,0.0,0.0
1629116762.023789,0.0,0.0
1629116762.0773346,0.0,0.0
1629116762.1047087,0.0,0.0
1629116762.1562843,0.0,0.0
1629116762.199472,0.0,0.0
1629116762.2506747,0.0,0.0
1629116762.2844887,0.0,0.0
1629116762.338754,0.0,0.0
1629116762.372428,0.0,0.0
1629116762.4248946,0.0,0.0
1629116762.453225,0.0,0.0
1629116762.5054717,0.0,0.0
1629116762.554231,0.0,0.0
1629116762.5694554,0.0,0.0
1629116762.6206183,0.0,0.0
1629116762.6373322,0.0,0.0
1629116762.688613,0.0,0.0
1629116762.7399526,0.0,0.0
1629116762.771964,0.0,0.0
1629116762.851523,0.0,0.0
1629116762.8663127,0.0,0.0
1629116762.9153214,0.0,0.0
1629116762.9619257,0.0,0.0
1629116762.978836,0.0,0.0
1629116763.0293865,0.0,0.0
1629116763.0720005,0.0,0.0
1629116763.1227472,0.0,0.0
1629116763.1668577,0.0,0.0
1629116763.2180417,0.0,0.0
1629116763.2497609,0.0,0.0
1629116763.2993379,0.0,0.0
1629116763.324698,0.0,0.0
1629116763.3762033,0.0,0.0
1629116763.4212315,0.0,0.0
1629116763.469409,0.0,0.0
1629116763.5140388,0.0,0.0
1629116763.528029,0.0,0.0
1629116763.6030536,0.0,0.0
1629116763.662856,0.0,0.0
1629116763.7103245,0.0,0.0
1629116763.7391138,0.0,0.0
1629116763.7896342,0.0,0.0
1629116763.8329008,0.0,0.0
1629116763.8818774,0.0,0.0
1629116763.9242516,0.0,0.0
1629116763.947427,0.0,0.0
1629116763.9962542,0.0,0.0
1629116764.026799,0.0,0.0
1629116764.0749056,0.0,0.0
1629116764.102152,0.0,0.0
1629116764.1496706,0.0,0.0
1629116764.181792,0.0,0.0
1629116764.2253904,0.0,0.0
1629116764.2510345,0.0,0.0
1629116764.300823,0.0,0.0
1629116764.3446133,0.0,0.0
1629116764.3946567,0.0,0.0
1629116764.4459352,0.0,0.0
1629116764.4604018,0.0,0.0
1629116764.5101652,0.0,0.0
1629116764.5567002,0.0,0.0
1629116764.603973,0.0,0.0
1629116764.6231625,0.0,0.0
1629116764.6719146,0.0,0.0
1629116764.7198334,0.0,0.0
1629116764.7687576,0.0,0.0
1629116764.8164485,0.0,0.0
1629116764.8634007,0.0,0.0
1629116764.888158,0.0,0.0
1629116764.9372532,0.0,0.0
1629116764.9830847,0.0,0.0
1629116765.0039747,0.0,0.0
1629116765.0548286,0.0,0.0
1629116765.0856545,0.0,0.0
1629116765.136556,0.0,0.0
1629116765.160936,0.0,0.0
1629116765.2090383,0.0,0.0
1629116765.2591863,0.0,0.0
1629116765.3067844,0.0,0.0
1629116765.3525016,0.0,0.0
1629116765.3714561,0.0,0.0
1629116765.4188285,0.0,0.0
1629116765.4443226,0.0,0.0
1629116765.4948854,0.0,0.0
1629116765.5419078,0.0,0.0
1629116765.557329,0.0,0.0
1629116765.6010222,0.0,0.0
1629116765.6254745,0.0,0.0
1629116765.674529,0.0,0.0
1629116765.7264028,0.0,0.0
1629116765.7684476,0.0,0.0
1629116765.787013,0.0,0.0
1629116765.8095245,0.0,0.0
1629116765.8607197,0.0,0.0
1629116765.888909,0.0,0.0
1629116765.9384482,0.0,0.0
1629116765.9843638,0.0,0.0
1629116766.0013719,0.0,0.0
1629116766.0490775,0.0,0.0
1629116766.0697696,0.0,0.0
1629116766.1201851,0.0,0.0
1629116766.147174,0.0,0.0
1629116766.1998043,0.0,0.0
1629116766.2474983,0.0,0.0
1629116766.2992117,0.0,0.0
1629116766.3455405,0.0,0.0
1629116766.3630035,0.0,0.0
1629116766.4148488,0.0,0.0
1629116766.4303079,0.0,0.0
1629116766.4992123,0.0,0.0
1629116766.5697358,0.0,0.0
1629116766.6199706,0.0,0.0
1629116766.6367102,0.0,0.0
1629116766.6880462,0.0,0.0
1629116766.734834,0.0,0.0
1629116766.7881336,0.0,0.0
1629116766.8346512,0.0,0.0
1629116766.8500526,0.0,0.0
1629116766.9032812,0.0,0.0
1629116766.9191267,0.0,0.0
1629116766.9700768,0.0,0.0
1629116767.0117857,0.0,0.0
1629116767.0623987,0.0,0.0
1629116767.108618,0.0,0.0
1629116767.1604295,0.0,0.0
1629116767.2064304,0.0,0.0
1629116767.2245722,0.0,0.0
1629116767.2728312,0.0,0.0
1629116767.306454,0.0,0.0
1629116767.3592787,0.0,0.0
1629116767.4061444,0.0,0.0
1629116767.42317,0.0,0.0
1629116767.4726646,0.0,0.0
1629116767.5095017,0.0,0.0
1629116767.5613537,0.0,0.0
1629116767.5869243,0.0,0.0
1629116767.6381721,0.0,0.0
1629116767.6906965,0.0,0.0
1629116767.7419643,0.0,0.0
1629116767.7915227,0.0,0.0
1629116767.8074093,0.0,0.0
1629116767.8598173,0.0,0.0
1629116767.881221,0.0,0.0
1629116767.9307196,0.0,0.0
1629116767.9624465,0.0,0.0
1629116768.0081837,0.0,0.0
1629116768.0538468,0.0,0.0
1629116768.1044714,0.0,0.0
1629116768.155617,0.0,0.0
1629116768.2069323,0.0,0.0
1629116768.2332802,0.0,0.0
1629116768.28369,0.0,0.0
1629116768.3339746,0.0,0.0
1629116768.3833935,0.0,0.0
1629116768.4085453,0.0,0.0
1629116768.458314,0.0,0.0
1629116768.4811373,0.0,0.0
1629116768.5309682,0.0,0.0
1629116768.5503426,0.0,0.0
1629116768.5980055,0.0,0.0
1629116768.6456852,0.0,0.0
1629116768.7098377,0.0,0.0
1629116768.7865334,0.0,0.0
1629116768.8016636,0.0,0.0
1629116768.852474,0.0,0.0
1629116768.8727264,0.0,0.0
1629116768.9214988,0.0,0.0
1629116768.947445,0.0,0.0
1629116768.998813,0.0,0.0
1629116769.0444567,0.0,0.0
1629116769.0950525,0.0,0.0
1629116769.1157913,0.0,0.0
1629116769.169495,0.0,0.0
1629116769.1895506,0.0,0.0
1629116769.2392457,0.0,0.0
1629116769.264794,0.0,0.0
1629116769.314408,0.0,0.0
1629116769.3653963,0.0,0.0
1629116769.3876784,0.0,0.0
1629116769.428574,0.0,0.0
1629116769.449507,0.0,0.0
1629116769.500246,0.0,0.0
1629116769.5286505,0.0,0.0
1629116769.5806465,0.0,0.0
1629116769.6268654,0.0,0.0
1629116769.642134,0.0,0.0
1629116769.6933753,0.0,0.0
1629116769.7091835,0.0,0.0
1629116769.7594197,0.0,0.0
1629116769.8072474,0.0,0.0
1629116769.823167,0.0,0.0
1629116769.878602,0.0,0.0
1629116769.8938656,0.0,0.0
1629116769.944758,0.0,0.0
1629116769.9899173,0.0,0.0
1629116770.0407538,0.0,0.0
1629116770.067884,0.0,0.0
1629116770.119366,0.0,0.0
1629116770.1405313,0.0,0.0
1629116770.1942616,0.0,0.0
1629116770.2422032,0.0,0.0
1629116770.256843,0.0,0.0
1629116770.3087292,0.0,0.0
1629116770.3250191,0.0,0.0
1629116770.378463,0.0,0.0
1629116770.425592,0.0,0.0
1629116770.440738,0.0,0.0
1629116770.4923081,0.0,0.0
1629116770.508401,0.0,0.0
1629116770.5600657,0.0,0.0
1629116770.6028476,0.0,0.0
1629116770.6505163,0.0,0.0
1629116770.6906972,0.0,0.0
1629116770.741523,0.0,0.0
1629116770.7906182,0.0,0.0
1629116770.8079455,0.0,0.0
1629116770.8622477,0.0,0.0
1629116770.8783588,0.0,0.0
1629116770.9301233,0.0,0.0
1629116770.9730213,0.0,0.0
1629116771.0224392,0.0,0.0
1629116771.0459933,0.0,0.0
1629116771.0949018,0.0,0.0
1629116771.1153967,0.0,0.0
1629116771.1638103,0.0,0.0
1629116771.212529,0.0,0.0
1629116771.2606375,0.0,0.0
1629116771.3094852,0.0,0.0
1629116771.3584037,0.0,0.0
1629116771.4064748,0.0,0.0
1629116771.4537215,0.0,0.0
1629116771.5039074,0.0,0.0
1629116771.5523913,0.0,0.0
1629116771.577438,0.0,0.0
1629116771.6280162,0.0,0.0
1629116771.6703417,0.0,0.0
1629116771.7180727,0.0,0.0
1629116771.7618845,0.0,0.0
1629116771.7812998,0.0,0.0
1629116771.8247955,0.0,0.0
1629116771.8469436,0.0,0.0
1629116771.8962572,0.0,0.0
1629116771.9208438,0.0,0.0
1629116771.9682379,0.0,0.0
1629116772.0237503,0.0,0.0
1629116772.0413213,0.0,0.0
1629116772.0915632,0.0,0.0
1629116772.1353693,0.0,0.0
1629116772.1870172,0.0,0.0
1629116772.2338996,0.0,0.0
1629116772.2856665,0.0,0.0
1629116772.3706696,0.0,0.0
1629116772.4004047,0.0,0.0
1629116772.4538593,0.0,0.0
1629116772.4736502,0.0,0.0
1629116772.5249143,0.0,0.0
1629116772.550563,0.0,0.0
1629116772.6031272,0.0,0.0
1629116772.6575866,0.0,0.0
1629116772.7094228,0.0,0.0
1629116772.7414954,0.0,0.0
1629116772.7986956,0.0,0.0
1629116772.821269,0.0,0.0
1629116772.8757777,0.0,0.0
1629116772.9033294,0.0,0.0
1629116772.9591532,0.0,0.0
1629116773.004958,0.0,0.0
1629116773.0248804,0.0,0.0
1629116773.0676084,0.0,0.0
1629116773.0877187,0.0,0.0
1629116773.1386864,0.0,0.0
1629116773.1701684,0.0,0.0
1629116773.2228513,0.0,0.0
1629116773.2548866,0.0,0.0
1629116773.3077404,0.0,0.0
1629116773.3240688,0.0,0.0
1629116773.3786407,0.0,0.0
1629116773.4194174,0.0,0.0
1629116773.4671936,0.0,0.0
1629116773.515902,0.0,0.0
1629116773.5360215,0.0,0.0
1629116773.5919352,0.0,0.0
1629116773.6050887,0.0,0.0
1629116773.6567566,0.0,0.0
1629116773.6838877,0.0,0.0
1629116773.7351477,0.0,0.0
1629116773.7830253,0.0,0.0
1629116773.8355112,0.0,0.0
1629116773.887261,0.0,0.0
1629116773.93806,0.0,0.0
1629116773.985023,0.0,0.0
1629116774.0019338,0.0,0.0
1629116774.0540783,0.0,0.0
1629116774.0750403,0.0,0.0
1629116774.1277003,0.0,0.0
1629116774.179901,0.0,0.0
1629116774.1924827,0.0,0.0
1629116774.243191,0.0,0.0
1629116774.2585254,0.0,0.0
1629116774.311334,0.0,0.0
1629116774.3574412,0.0,0.0
1629116774.3733218,0.0,0.0
1629116774.4239554,0.0,0.0
1629116774.4497664,0.0,0.0
1629116774.4993563,0.0,0.0
1629116774.5443907,0.0,0.0
1629116774.566754,0.0,0.0
1629116774.6124575,0.0,0.0
1629116774.6321032,0.0,0.0
1629116774.680874,0.0,0.0
1629116774.7265525,0.0,0.0
1629116774.7471037,0.0,0.0
1629116774.7926977,0.0,0.0
1629116774.8135014,0.0,0.0
1629116774.8663523,0.0,0.0
1629116774.89666,0.0,0.0
1629116774.9461756,0.0,0.0
1629116774.977285,0.0,0.0
1629116775.0282297,0.0,0.0
1629116775.054065,0.0,0.0
1629116775.1044977,0.0,0.0
1629116775.1492157,0.0,0.0
1629116775.199116,0.0,0.0
1629116775.2432206,0.0,0.0
1629116775.2583344,0.0,0.0
1629116775.3091943,0.0,0.0
1629116775.3469756,0.0,0.0
1629116775.3971446,0.0,0.0
1629116775.4428387,0.0,0.0
1629116775.463618,0.0,0.0
1629116775.5101657,0.0,0.0
1629116775.531129,0.0,0.0
1629116775.5808752,0.0,0.0
1629116775.6070113,0.0,0.0
1629116775.6572378,0.0,0.0
1629116775.7063794,0.0,0.0
1629116775.7565205,0.0,0.0
1629116775.8111608,0.0,0.0
1629116775.82796,0.0,0.0
1629116775.8843386,0.0,0.0
1629116775.9071972,0.0,0.0
1629116775.9873178,0.0,0.0
1629116776.0305974,0.0,0.0
1629116776.1161382,0.0,0.0
1629116776.1521304,0.0,0.0
1629116776.2367847,0.0,0.0
1629116776.2790978,0.0,0.0
1629116776.35688,0.0,0.0
1629116776.3766105,0.0,0.0
1629116776.4293885,0.0,0.0
1629116776.455541,0.0,0.0
1629116776.5101283,0.0,0.0
1629116776.5616646,0.0,0.0
1629116776.5806642,0.0,0.0
1629116776.6332896,0.0,0.0
1629116776.6491706,0.0,0.0
1629116776.6955802,0.0,0.0
1629116776.7447047,0.0,0.0
1629116776.7973824,0.0,0.0
1629116776.8176095,0.0,0.0
1629116776.87289,0.0,0.0
1629116776.9025905,0.0,0.0
1629116776.9532733,0.0,0.0
1629116776.9765708,0.0,0.0
1629116777.0267422,0.0,0.0
1629116777.0736654,0.0,0.0
1629116777.0887213,0.0,0.0
1629116777.1380298,0.0,0.0
1629116777.1636217,0.0,0.0
1629116777.212402,0.0,0.0
1629116777.257204,0.0,0.0
1629116777.2813978,0.0,0.0
1629116777.321451,0.0,0.0
1629116777.3418899,0.0,0.0
1629116777.3925395,0.0,0.0
1629116777.4372454,0.0,0.0
1629116777.4865437,0.0,0.0
1629116777.5345557,0.0,0.0
1629116777.548842,0.0,0.0
1629116777.599143,0.0,0.0
1629116777.624964,0.0,0.0
1629116777.678754,0.0,0.0
1629116777.7241511,0.0,0.0
1629116777.740218,0.0,0.0
1629116777.793502,0.0,0.0
1629116777.8119626,0.0,0.0
1629116777.865765,0.0,0.0
1629116777.8965905,0.0,0.0
1629116777.9471252,0.0,0.0
1629116777.971149,0.0,0.0
1629116778.0247214,0.0,0.0
1629116778.069465,0.0,0.0
1629116778.0894938,0.0,0.0
1629116778.134022,0.0,0.0
1629116778.1534314,0.0,0.0
1629116778.2014189,0.0,0.0
1629116778.2466087,0.0,0.0
1629116778.2651877,0.0,0.0
1629116778.3130062,0.0,0.0
1629116778.3272138,0.0,0.0
1629116778.3782244,0.0,0.0
1629116778.4262946,0.0,0.0
1629116778.4413111,0.0,0.0
1629116778.4894655,0.0,0.0
1629116778.5039678,0.0,0.0
1629116778.554217,0.0,0.0
1629116778.6002643,0.0,0.0
1629116778.6117413,0.0,0.0
1629116778.6622517,0.0,0.0
1629116778.68224,0.0,0.0
1629116778.733363,0.0,0.0
1629116778.7797961,0.0,0.0
1629116778.7975898,0.0,0.0
1629116778.8488083,0.0,0.0
1629116778.8688715,0.0,0.0
1629116778.9204159,0.0,0.0
1629116778.9449146,0.0,0.0
1629116778.99265,0.0,0.0
1629116779.0377038,0.0,0.0
1629116779.0540643,0.0,0.0
1629116779.102894,0.0,0.0
1629116779.126608,0.0,0.0
1629116779.1765714,0.0,0.0
1629116779.2206116,0.0,0.0
1629116779.2390313,0.0,0.0
1629116779.2827213,0.0,0.0
1629116779.3027503,0.0,0.0
1629116779.3510375,0.0,0.0
1629116779.401931,0.0,0.0
1629116779.4514654,0.0,0.0
1629116779.4969385,0.0,0.0
1629116779.5217266,0.0,0.0
1629116779.5699854,0.0,0.0
1629116779.5938985,0.0,0.0
1629116779.6489294,0.0,0.0
1629116779.677175,0.0,0.0
1629116779.7320023,0.0,0.0
1629116779.7858057,0.0,0.0
1629116779.8414638,0.0,0.0
1629116779.8869052,0.0,0.0
1629116779.9730284,0.0,0.0
1629116779.9943104,0.0,0.0
1629116780.0439603,0.0,0.0
1629116780.069358,0.0,0.0
1629116780.1207879,0.0,0.0
1629116780.1703026,0.0,0.0
1629116780.219549,0.0,0.0
1629116780.2590625,0.0,0.0
1629116780.3083522,0.0,0.0
1629116780.3517673,0.0,0.0
1629116780.3667376,0.0,0.0
1629116780.412245,0.0,0.0
1629116780.438611,0.0,0.0
1629116780.4883368,0.0,0.0
1629116780.535937,0.0,0.0
1629116780.5571828,0.0,0.0
1629116780.5968544,0.0,0.0
1629116780.616339,0.0,0.0
1629116780.6640534,0.0,0.0
1629116780.7093077,0.0,0.0
1629116780.732956,0.0,0.0
1629116780.7815955,0.0,0.0
1629116780.7963896,0.0,0.0
1629116780.8443162,0.0,0.0
1629116780.8887217,0.0,0.0
1629116780.9400957,0.0,0.0
1629116780.9853451,0.0,0.0
1629116781.0061595,0.0,0.0
1629116781.0543394,0.0,0.0
1629116781.0686655,0.0,0.0
1629116781.1169553,0.0,0.0
1629116781.156727,0.0,0.0
1629116781.2065105,0.0,0.0
1629116781.249625,0.0,0.0
1629116781.271988,0.0,0.0
1629116781.313406,0.0,0.0
1629116781.3347476,0.0,0.0
1629116781.3868537,0.0,0.0
1629116781.434329,0.0,0.0
1629116781.4495094,0.0,0.0
1629116781.4990618,0.0,0.0
1629116781.519536,0.0,0.0
1629116781.5699737,0.0,0.0
1629116781.5932002,0.0,0.0
1629116781.6419837,0.0,0.0
1629116781.6860242,0.0,0.0
1629116781.7006025,0.0,0.0
1629116781.7492719,0.0,0.0
1629116781.774738,0.0,0.0
1629116781.8229418,0.0,0.0
1629116781.867705,0.0,0.0
1629116781.9180102,0.0,0.0
1629116781.9614687,0.0,0.0
1629116781.981659,0.0,0.0
1629116782.0310385,0.0,0.0
1629116782.0461054,0.0,0.0
1629116782.0953822,0.0,0.0
1629116782.1378415,0.0,0.0
1629116782.1858485,0.0,0.0
1629116782.2149668,0.0,0.0
1629116782.2629342,0.0,0.0
1629116782.292223,0.0,0.0
1629116782.3418458,0.0,0.0
1629116782.3714652,0.0,0.0
1629116782.4197917,0.0,0.0
1629116782.4444609,0.0,0.0
1629116782.4959404,0.0,0.0
1629116782.5477614,0.0,0.0
1629116782.563173,0.0,0.0
1629116782.6187878,0.0,0.0
1629116782.6399446,0.0,0.0
1629116782.6931777,0.0,0.0
1629116782.7211683,0.0,0.0
1629116782.7729514,0.0,0.0
1629116782.8479774,0.0,0.0
1629116782.911022,0.0,0.0
1629116782.9294572,0.0,0.0
1629116782.9806492,0.0,0.0
1629116783.0056267,0.0,0.0
1629116783.0550098,0.0,0.0
1629116783.099955,0.0,0.0
1629116783.1189868,0.0,0.0
1629116783.1623335,0.0,0.0
1629116783.1822424,0.0,0.0
1629116783.2308388,0.0,0.0
1629116783.274506,0.0,0.0
1629116783.2951968,0.0,0.0
1629116783.337362,0.0,0.0
1629116783.3617787,0.0,0.0
1629116783.4133408,0.0,0.0
1629116783.4545732,0.0,0.0
1629116783.469369,0.0,0.0
1629116783.5182714,0.0,0.0
1629116783.5596814,0.0,0.0
1629116783.6083822,0.0,0.0
1629116783.6372325,0.0,0.0
1629116783.6889665,0.0,0.0
1629116783.734191,0.0,0.0
1629116783.7840867,0.0,0.0
1629116783.827751,0.0,0.0
1629116783.8436778,0.0,0.0
1629116783.8965757,0.0,0.0
1629116783.9309545,0.0,0.0
1629116783.9827573,0.0,0.0
1629116784.0071912,0.0,0.0
1629116784.0576353,0.0,0.0
1629116784.1039424,0.0,0.0
1629116784.1251392,0.0,0.0
1629116784.161903,0.0,0.0
1629116784.18132,0.0,0.0
1629116784.2304842,0.0,0.0
1629116784.275063,0.0,0.0
1629116784.3122325,0.0,0.0
1629116784.3965838,0.0,0.0
1629116784.4155219,0.0,0.0
1629116784.4640577,0.0,0.0
1629116784.508547,0.0,0.0
1629116784.5602796,0.0,0.0
1629116784.589615,0.0,0.0
1629116784.6383214,0.0,0.0
1629116784.6922634,0.0,0.0
1629116784.709711,0.0,0.0
1629116784.7607207,0.0,0.0
1629116784.7791717,0.0,0.0
1629116784.8304796,0.0,0.0
